<record><header><identifier>oai:alma.41SLSP_UGE:991000781989705502</identifier><datestamp>2023-03-06T01:08:51Z</datestamp><setSpec>uge_bcen_RapidILL_BOOK</setSpec><setSpec>uge_aaca_RapidILL_BOOK</setSpec><setSpec>uge_abels_RapidILL_BOOK</setSpec><setSpec>uge_dbu_RapidILL_BOOK</setSpec><setSpec>uge_cmu_RapidILL_BOOK</setSpec><setSpec>uge_mail_RapidILL_BOOK</setSpec><setSpec>uge_abbat_RapidILL_BOOK</setSpec><setSpec>UNIGE_ALL</setSpec><setSpec>uge_aobs_RapidILL_BOOK</setSpec><setSpec>uge_acar_RapidILL_BOOK</setSpec></header><metadata>
<record xmlns="http://www.loc.gov/MARC21/slim" xmlns:xsi="http://www.w3.org/2001/XMLSchema-instance" xsi:schemaLocation="http://www.loc.gov/MARC21/slim http://www.loc.gov/standards/marcxml/schema/MARC21slim.xsd"><leader>01717nam a2200277 c 4500</leader><controlfield tag="001">991000781989705502</controlfield><controlfield tag="005">20230305073543.0</controlfield><controlfield tag="008">060512s2000    fr ||||| |||| 10| ||fre d</controlfield><datafield ind1=" " ind2=" " tag="019"><subfield code="a">!! Notices analytiques !!</subfield><subfield code="5">RERO/geuarc/ 05.2006</subfield></datafield><datafield ind1=" " ind2=" " tag="035"><subfield code="a">(swissbib)103591001-41slsp_network</subfield></datafield><datafield ind1=" " ind2=" " tag="035"><subfield code="a">103591001</subfield><subfield code="9">ExL</subfield></datafield><datafield ind1=" " ind2=" " tag="035"><subfield code="a">(RERO)R004122429-41slsp</subfield></datafield><datafield ind1=" " ind2=" " tag="035"><subfield code="a">(EXLNZ-41SLSP_NETWORK)991018859119705501</subfield></datafield><datafield ind1=" " ind2=" " tag="040"><subfield code="a">RERO geuarc</subfield><subfield code="b">fre</subfield><subfield code="d">CH-ZuSLS</subfield><subfield code="e">rda</subfield></datafield><datafield ind1="7" ind2="4" tag="082"><subfield code="a">700</subfield><subfield code="2">23sdnb</subfield></datafield><datafield ind1="0" ind2="0" tag="245"><subfield code="a">Commémorer autrement dans l'espace public ?</subfield><subfield code="b">mémoire, sauvegarde, espace public, célébration, monument : actes du colloque Post-diplôme design, École nationale des beaux-arts de Lyon, 16-17 novembre 1999</subfield></datafield><datafield ind1="1" ind2="3" tag="246"><subfield code="a">Comment commémorer autrement dans l'espace public ?</subfield></datafield><datafield ind1=" " ind2="1" tag="264"><subfield code="a">Lyon</subfield><subfield code="b">École nationale des beaux-arts</subfield><subfield code="c">[2000]</subfield></datafield><datafield ind1=" " ind2=" " tag="300"><subfield code="a">159 pages</subfield><subfield code="b">illustrations en noir</subfield><subfield code="c">21 cm</subfield></datafield><datafield ind1=" " ind2=" " tag="336"><subfield code="b">txt</subfield><subfield code="2">rdacontent</subfield></datafield><datafield ind1=" " ind2=" " tag="337"><subfield code="b">n</subfield><subfield code="2">rdamedia</subfield></datafield><datafield ind1=" " ind2=" " tag="338"><subfield code="b">nc</subfield><subfield code="2">rdacarrier</subfield></datafield><datafield ind1="0" ind2="0" tag="505"><subfield code="t">Avant-propos</subfield><subfield code="r">Yves Robert</subfield><subfield code="t">Célébrer les noms perdus</subfield><subfield code="r">Patrick Beurard-Valdoye</subfield><subfield code="t">&lt;&lt;Le&gt;&gt; monument objet de sémiologie</subfield><subfield code="r">Emmanuël Souchier</subfield><subfield code="t">Villa K'Houry, la tour des prophètes, Haïfa, Wadi Nismas, monument au présent</subfield><subfield code="r">Ilana Salama Ortar</subfield><subfield code="t">Mémoire et projets par fait de guerre</subfield><subfield code="r">Rémi Baudouï</subfield><subfield code="t">Fragments de mémoires</subfield><subfield code="r">Jean-Jacques Rullier</subfield><subfield code="t">Sur vivre</subfield><subfield code="r">Doina Petrescu</subfield><subfield code="t">Commémorer l'espace et le temps</subfield><subfield code="r">Jean-Pierre Nouhaud</subfield><subfield code="t">Quelques tentatives mobiles permanentes renouvelables</subfield><subfield code="r">Franck Houndégla</subfield><subfield code="t">Respirations et brèves rencontres</subfield><subfield code="r">Bernard Heidsieck</subfield></datafield><datafield ind1=" " ind2="7" tag="650"><subfield code="a">Monuments commémoratifs</subfield><subfield code="0">(IDREF)027599299</subfield><subfield code="2">idref</subfield></datafield><datafield ind1=" " ind2="7" tag="650"><subfield code="a">Espace public (science politique)</subfield><subfield code="0">(IDREF)189728035</subfield><subfield code="2">idref</subfield></datafield><datafield ind1=" " ind2="7" tag="655"><subfield code="a">Actes de congrès</subfield><subfield code="0">(IDREF)02886431X</subfield><subfield code="2">idref</subfield></datafield><datafield ind1=" " ind2=" " tag="900"><subfield code="a">REROnoselfmerge</subfield></datafield></record>
</metadata></record>