<record><header><identifier>oai:alma.41SLSP_UGE:991000781999705502</identifier><datestamp>2023-03-01T01:09:43Z</datestamp><setSpec>uge_bcen_RapidILL_BOOK</setSpec><setSpec>uge_aaca_RapidILL_BOOK</setSpec><setSpec>uge_abels_RapidILL_BOOK</setSpec><setSpec>uge_dbu_RapidILL_BOOK</setSpec><setSpec>uge_cmu_RapidILL_BOOK</setSpec><setSpec>uge_mail_RapidILL_BOOK</setSpec><setSpec>UNIGE_ALL</setSpec><setSpec>uge_abbat_RapidILL_BOOK</setSpec><setSpec>uge_acar_RapidILL_BOOK</setSpec><setSpec>uge_aobs_RapidILL_BOOK</setSpec></header><metadata>
<record xmlns="http://www.loc.gov/MARC21/slim" xmlns:xsi="http://www.w3.org/2001/XMLSchema-instance" xsi:schemaLocation="http://www.loc.gov/MARC21/slim http://www.loc.gov/standards/marcxml/schema/MARC21slim.xsd"><leader>01361nam a2200337 c 4500</leader><controlfield tag="001">991000781999705502</controlfield><controlfield tag="005">20230203192722.0</controlfield><controlfield tag="008">010326s2000    sp ||||| |||| 00| ||spa d</controlfield><datafield ind1=" " ind2=" " tag="020"><subfield code="a">8492030569</subfield></datafield><datafield ind1=" " ind2=" " tag="035"><subfield code="a">(swissbib)096658533-41slsp_network</subfield></datafield><datafield ind1=" " ind2=" " tag="035"><subfield code="a">096658533</subfield><subfield code="9">ExL</subfield></datafield><datafield ind1=" " ind2=" " tag="035"><subfield code="a">(RERO)R003017710-41slsp</subfield></datafield><datafield ind1=" " ind2=" " tag="035"><subfield code="a">(EXLNZ-41SLSP_NETWORK)991073909889705501</subfield></datafield><datafield ind1=" " ind2=" " tag="040"><subfield code="a">RERO geules</subfield><subfield code="d">CH-ZuSLS</subfield></datafield><datafield ind1=" " ind2="7" tag="072"><subfield code="a">ht</subfield><subfield code="2">rero</subfield></datafield><datafield ind1=" " ind2="7" tag="072"><subfield code="a">th</subfield><subfield code="2">rero</subfield></datafield><datafield ind1="1" ind2=" " tag="100"><subfield code="a">Asensio Barbarín, Eugenio</subfield><subfield code="d">1902-1996</subfield><subfield code="0">(IDREF)028845927</subfield><subfield code="4">cre</subfield></datafield><datafield ind1="1" ind2="0" tag="245"><subfield code="a">&lt;&lt;El&gt;&gt; erasmismo y las corrientes espirituales afines</subfield><subfield code="b">conversos, franciscanos, italianizantes</subfield><subfield code="c">Eugenio Asensio ; carta prólogo de Marcel Bataillon</subfield></datafield><datafield ind1=" " ind2="1" tag="264"><subfield code="a">Salamanca</subfield><subfield code="b">Seminario de estudios medievales y renacentistas [etc.]</subfield><subfield code="c">2000</subfield></datafield><datafield ind1=" " ind2=" " tag="300"><subfield code="a">129 p.</subfield><subfield code="b">portr.</subfield><subfield code="c">18 cm</subfield></datafield><datafield ind1=" " ind2=" " tag="336"><subfield code="b">txt</subfield><subfield code="2">rdacontent</subfield></datafield><datafield ind1=" " ind2=" " tag="337"><subfield code="b">n</subfield><subfield code="2">rdamedia</subfield></datafield><datafield ind1=" " ind2=" " tag="338"><subfield code="b">nc</subfield><subfield code="2">rdacarrier</subfield></datafield><datafield ind1="1" ind2=" " tag="490"><subfield code="a">Publicaciones del SEMYR. Serie chica</subfield><subfield code="v">1</subfield></datafield><datafield ind1="0" ind2="7" tag="600"><subfield code="a">Erasme - influence exercée</subfield><subfield code="0">(RERO)A010079784</subfield><subfield code="2">rero</subfield></datafield><datafield ind1=" " ind2="7" tag="650"><subfield code="a">Christianisme</subfield><subfield code="0">(IDREF)027229955</subfield><subfield code="2">idref</subfield></datafield><datafield ind1=" " ind2="7" tag="650"><subfield code="a">Renaissance</subfield><subfield code="0">(IDREF)028017641</subfield><subfield code="2">idref</subfield></datafield><datafield ind1=" " ind2="7" tag="651"><subfield code="a">Espagne</subfield><subfield code="0">(IDREF)027224406</subfield><subfield code="2">idref</subfield></datafield><datafield ind1=" " ind2="7" tag="651"><subfield code="a">Italie - influence exercée</subfield><subfield code="0">(RERO)A010099878</subfield><subfield code="2">rero</subfield></datafield><datafield ind1="1" ind2=" " tag="700"><subfield code="a">Bataillon, Marcel</subfield><subfield code="d">1895-1977</subfield><subfield code="0">(IDREF)032280122</subfield></datafield><datafield ind1=" " ind2=" " tag="830"><subfield code="a">Publicaciones del SEMYR</subfield><subfield code="p">Serie chica</subfield><subfield code="v">1</subfield><subfield code="w">(RERO)R003591876-41slsp</subfield></datafield><datafield ind1=" " ind2=" " tag="900"><subfield code="a">REROnoselfmerge</subfield></datafield><datafield ind1=" " ind2=" " tag="993"><subfield code="a">BFLA 141037</subfield><subfield code="x">ge/ules/a/01/51</subfield><subfield code="9">LOCAL</subfield></datafield></record>
</metadata></record>