<record><header><identifier>oai:alma.41SLSP_UGE:991000782729705502</identifier><datestamp>2024-02-10T01:20:53Z</datestamp><setSpec>uge_bcen_RapidILL_BOOK</setSpec><setSpec>uge_aaca_RapidILL_BOOK</setSpec><setSpec>uge_abels_RapidILL_BOOK</setSpec><setSpec>uge_dbu_RapidILL_BOOK</setSpec><setSpec>uge_cmu_RapidILL_BOOK</setSpec><setSpec>uge_mail_RapidILL_BOOK</setSpec><setSpec>uge_abbat_RapidILL_BOOK</setSpec><setSpec>UNIGE_ALL</setSpec><setSpec>uge_aobs_RapidILL_BOOK</setSpec><setSpec>uge_acar_RapidILL_BOOK</setSpec></header><metadata>
<record xmlns="http://www.loc.gov/MARC21/slim" xmlns:xsi="http://www.w3.org/2001/XMLSchema-instance" xsi:schemaLocation="http://www.loc.gov/MARC21/slim http://www.loc.gov/standards/marcxml/schema/MARC21slim.xsd"><leader>01295nam a2200361 c 4500</leader><controlfield tag="001">991000782729705502</controlfield><controlfield tag="005">20201222232307.0</controlfield><controlfield tag="008">201011s1977    xxu||||| |||| 00| ||eng d</controlfield><datafield ind1=" " ind2=" " tag="020"><subfield code="a">0691081980</subfield><subfield code="q">Rel.</subfield></datafield><datafield ind1=" " ind2=" " tag="020"><subfield code="a">0691081999</subfield><subfield code="q">Br.</subfield></datafield><datafield ind1=" " ind2=" " tag="035"><subfield code="a">(swissbib)217787061-41slsp_network</subfield></datafield><datafield ind1=" " ind2=" " tag="035"><subfield code="a">217787061</subfield><subfield code="9">ExL</subfield></datafield><datafield ind1=" " ind2=" " tag="035"><subfield code="a">(RERO)1189090-41slsp</subfield></datafield><datafield ind1=" " ind2=" " tag="035"><subfield code="a">(NEBIS)000135977EBI01</subfield></datafield><datafield ind1=" " ind2=" " tag="035"><subfield code="a">(IDSBB)002829700DSV01</subfield></datafield><datafield ind1=" " ind2=" " tag="035"><subfield code="a">(EXLNZ-41SLSP_NETWORK)991101403949705501</subfield></datafield><datafield ind1=" " ind2=" " tag="040"><subfield code="a">RERO geussm</subfield><subfield code="d">CH-ZuSLS</subfield></datafield><datafield ind1=" " ind2=" " tag="044"><subfield code="a">ja</subfield><subfield code="a">xxu</subfield></datafield><datafield ind1=" " ind2="7" tag="072"><subfield code="a">ma</subfield><subfield code="2">rero</subfield></datafield><datafield ind1=" " ind2=" " tag="084"><subfield code="a">57</subfield><subfield code="2">msc</subfield></datafield><datafield ind1="1" ind2=" " tag="100"><subfield code="6">880-01</subfield><subfield code="a">Stoll, Wilhelm</subfield><subfield code="d">1923-....</subfield><subfield code="0">(IDREF)032437390</subfield><subfield code="4">cre</subfield></datafield><datafield ind1="1" ind2=" " tag="880"><subfield code="a">Stoll, Wilhelm</subfield><subfield code="d">1923-2010</subfield><subfield code="0">(DE-588)1082553328</subfield><subfield code="6">100-01</subfield></datafield><datafield ind1="1" ind2="0" tag="245"><subfield code="a">Invariant forms on Grassmann manifolds</subfield><subfield code="c">Wilhelm Stoll</subfield></datafield><datafield ind1=" " ind2="1" tag="264"><subfield code="a">Princeton N.J.</subfield><subfield code="b">Princeton University Press</subfield><subfield code="b">University of Tokyo Press</subfield><subfield code="c">1977</subfield></datafield><datafield ind1=" " ind2=" " tag="300"><subfield code="a">IX, 113 p.</subfield><subfield code="c">24 cm</subfield></datafield><datafield ind1=" " ind2=" " tag="336"><subfield code="b">txt</subfield><subfield code="2">rdacontent</subfield></datafield><datafield ind1=" " ind2=" " tag="337"><subfield code="b">n</subfield><subfield code="2">rdamedia</subfield></datafield><datafield ind1=" " ind2=" " tag="338"><subfield code="b">nc</subfield><subfield code="2">rdacarrier</subfield></datafield><datafield ind1="1" ind2=" " tag="490"><subfield code="a">Annals of mathematics studies</subfield><subfield code="v">no 89</subfield></datafield><datafield ind1=" " ind2="7" tag="650"><subfield code="a">GRASSMANN-VARIETÄTEN (ALGEBRAISCHE GEOMETRIE)</subfield><subfield code="9">ger</subfield><subfield code="0">(ETHUDK)000012806</subfield><subfield code="2">ethudk</subfield></datafield><datafield ind1=" " ind2=" " tag="830"><subfield code="a">Annals of mathematics studies</subfield><subfield code="v">89</subfield><subfield code="w">(NEBIS)000023168EBI01</subfield></datafield><datafield ind1=" " ind2=" " tag="830"><subfield code="a">Annals of mathematics studies</subfield><subfield code="v">89</subfield><subfield code="w">(RERO)0097600-41slsp</subfield></datafield><datafield ind1=" " ind2=" " tag="900"><subfield code="a">REROnoselfmerge</subfield></datafield><datafield ind1=" " ind2=" " tag="900"><subfield code="f">IDSU2medea</subfield></datafield></record>
</metadata></record>