<record><header><identifier>oai:alma.41SLSP_UGE:991000782209705502</identifier><datestamp>2023-11-25T02:19:22Z</datestamp><setSpec>uge_bcen_RapidILL_BOOK</setSpec><setSpec>uge_aaca_RapidILL_BOOK</setSpec><setSpec>uge_abels_RapidILL_BOOK</setSpec><setSpec>uge_dbu_RapidILL_BOOK</setSpec><setSpec>uge_cmu_RapidILL_BOOK</setSpec><setSpec>uge_mail_RapidILL_BOOK</setSpec><setSpec>uge_abbat_RapidILL_BOOK</setSpec><setSpec>UNIGE_ALL</setSpec><setSpec>uge_acar_RapidILL_BOOK</setSpec><setSpec>uge_aobs_RapidILL_BOOK</setSpec></header><metadata>
<record xmlns="http://www.loc.gov/MARC21/slim" xmlns:xsi="http://www.w3.org/2001/XMLSchema-instance" xsi:schemaLocation="http://www.loc.gov/MARC21/slim http://www.loc.gov/standards/marcxml/schema/MARC21slim.xsd"><leader>01631naa a2200337 c 4500</leader><controlfield tag="001">991000782209705502</controlfield><controlfield tag="005">20230720170214.0</controlfield><controlfield tag="008">201012s1997    sz ||||| |||| 10| ||ger d</controlfield><datafield ind1=" " ind2=" " tag="035"><subfield code="a">(swissbib)235330809-41slsp_network</subfield></datafield><datafield ind1=" " ind2=" " tag="035"><subfield code="a">235330809</subfield><subfield code="9">ExL</subfield></datafield><datafield ind1=" " ind2=" " tag="035"><subfield code="a">(RERO)R217617260-41slsp</subfield></datafield><datafield ind1=" " ind2=" " tag="035"><subfield code="a">(IDSSG)000140012HSB01</subfield></datafield><datafield ind1=" " ind2=" " tag="035"><subfield code="a">(ALEX)bv00586245</subfield></datafield><datafield ind1=" " ind2=" " tag="035"><subfield code="a">(EXLNZ-41SLSP_NETWORK)991125677789705501</subfield></datafield><datafield ind1=" " ind2=" " tag="040"><subfield code="a">RERO geubfd</subfield><subfield code="d">CH-ZuSLS</subfield></datafield><datafield ind1=" " ind2=" " tag="044"><subfield code="a">sz</subfield><subfield code="c">ch-sg</subfield></datafield><datafield ind1=" " ind2="7" tag="072"><subfield code="a">dr</subfield><subfield code="2">rero</subfield></datafield><datafield ind1=" " ind2=" " tag="084"><subfield code="a">CA/CH 57 i</subfield><subfield code="2">cjurrom</subfield></datafield><datafield ind1=" " ind2=" " tag="084"><subfield code="a">CA/CH 58.1 i</subfield><subfield code="2">cjurrom</subfield></datafield><datafield ind1="1" ind2=" " tag="100"><subfield code="6">880-01</subfield><subfield code="a">Schweizer, Rainer J.</subfield><subfield code="d">1943-....</subfield><subfield code="0">(IDREF)256735379</subfield><subfield code="4">cre</subfield></datafield><datafield ind1="1" ind2=" " tag="880"><subfield code="a">Schweizer, Rainer J.</subfield><subfield code="d">1943-</subfield><subfield code="6">100-01</subfield><subfield code="0">(DE-588)171702190</subfield></datafield><datafield ind1="1" ind2="0" tag="245"><subfield code="a">Zu den Rahmenbedingungen der ärztlichen Begutachtung in der Sozialversicherung</subfield><subfield code="c">Rainer J. Schweizer</subfield></datafield><datafield ind1=" " ind2=" " tag="336"><subfield code="b">txt</subfield><subfield code="2">rdacontent</subfield></datafield><datafield ind1=" " ind2=" " tag="337"><subfield code="b">n</subfield><subfield code="2">rdamedia</subfield></datafield><datafield ind1=" " ind2=" " tag="338"><subfield code="b">nc</subfield><subfield code="2">rdacarrier</subfield></datafield><datafield ind1=" " ind2=" " tag="580"><subfield code="a">In: Rechtsfragen der medizinischen Begutachtung in der Sozialversicherung. - St. Gallen : Schweizerisches Institut für Verwaltungskurse an der Hochschule St. Gallen, 1997. - S. 227-239</subfield></datafield><datafield ind1=" " ind2="7" tag="650"><subfield code="a">Versicherungsrecht</subfield><subfield code="9">ger</subfield><subfield code="0">(RERO)jurivoc000025120ger</subfield><subfield code="2">jurivoc</subfield></datafield><datafield ind1=" " ind2="7" tag="650"><subfield code="a">Sozialversicherung</subfield><subfield code="9">ger</subfield><subfield code="0">(RERO)jurivoc000020527ger</subfield><subfield code="2">jurivoc</subfield></datafield><datafield ind1=" " ind2="7" tag="650"><subfield code="a">Medizin</subfield><subfield code="9">ger</subfield><subfield code="0">(RERO)jurivoc000014799ger</subfield><subfield code="2">jurivoc</subfield></datafield><datafield ind1=" " ind2="7" tag="650"><subfield code="a">Droit</subfield><subfield code="0">(IDREF)027466868</subfield><subfield code="2">idref</subfield></datafield><datafield ind1=" " ind2="7" tag="650"><subfield code="a">Expertises médicales</subfield><subfield code="0">(IDREF)028577264</subfield><subfield code="2">idref</subfield></datafield><datafield ind1=" " ind2="7" tag="651"><subfield code="a">Suisse</subfield><subfield code="0">(IDREF)027249654</subfield><subfield code="2">idref</subfield></datafield><datafield ind1="0" ind2=" " tag="773"><subfield code="t">Rechtsfragen der medizinischen Begutachtung in der Sozialversicherung : Referate der Tagung des Schweizerischen Instituts für Verwaltungskurse vom 21. November 1996 in Luzern</subfield><subfield code="g">227</subfield><subfield code="w">(RERO)R215240360-41slsp</subfield></datafield></record>
</metadata></record>