<record><header><identifier>oai:alma.41SLSP_UGE:991000782829705502</identifier><datestamp>2024-10-17T00:10:06Z</datestamp><setSpec>uge_bcen_RapidILL_BOOK</setSpec><setSpec>uge_aaca_RapidILL_BOOK</setSpec><setSpec>uge_abels_RapidILL_BOOK</setSpec><setSpec>uge_dbu_RapidILL_BOOK</setSpec><setSpec>uge_cmu_RapidILL_BOOK</setSpec><setSpec>uge_mail_RapidILL_BOOK</setSpec><setSpec>uge_abbat_RapidILL_BOOK</setSpec><setSpec>UNIGE_ALL</setSpec><setSpec>uge_aobs_RapidILL_BOOK</setSpec><setSpec>uge_acar_RapidILL_BOOK</setSpec></header><metadata>
<record xmlns="http://www.loc.gov/MARC21/slim" xmlns:xsi="http://www.w3.org/2001/XMLSchema-instance" xsi:schemaLocation="http://www.loc.gov/MARC21/slim http://www.loc.gov/standards/marcxml/schema/MARC21slim.xsd"><leader>01402nam a2200373uc 4500</leader><controlfield tag="001">991000782829705502</controlfield><controlfield tag="005">20241016202535.0</controlfield><controlfield tag="008">201011s1993    sw            00| | mul d</controlfield><datafield ind1=" " ind2=" " tag="020"><subfield code="a">9170421463</subfield></datafield><datafield ind1="7" ind2=" " tag="024"><subfield code="a">http://catalogue.bnf.fr/ark:/12148/cb37149045g</subfield><subfield code="2">uri</subfield></datafield><datafield ind1=" " ind2=" " tag="035"><subfield code="a">(swissbib)224290339-41slsp_network</subfield></datafield><datafield ind1=" " ind2=" " tag="035"><subfield code="a">224290339</subfield><subfield code="9">ExL</subfield></datafield><datafield ind1=" " ind2=" " tag="035"><subfield code="a">(IDSBB)000972131DSV01</subfield></datafield><datafield ind1=" " ind2=" " tag="035"><subfield code="a">(RERO)1790764-41slsp</subfield></datafield><datafield ind1=" " ind2=" " tag="035"><subfield code="a">(EXLNZ-41SLSP_NETWORK)991145631529705501</subfield></datafield><datafield ind1=" " ind2=" " tag="040"><subfield code="a">SzZuIDS BS/BE A100</subfield><subfield code="b">ger</subfield><subfield code="e">kids</subfield><subfield code="d">CH-ZuSLS</subfield></datafield><datafield ind1="0" ind2=" " tag="041"><subfield code="a">ger</subfield><subfield code="a">eng</subfield><subfield code="a">ita</subfield></datafield><datafield ind1=" " ind2="7" tag="072"><subfield code="a">ar</subfield><subfield code="2">SzZuIDS BS/BE</subfield></datafield><datafield ind1=" " ind2="7" tag="072"><subfield code="a">ar</subfield><subfield code="2">rero</subfield></datafield><datafield ind1="1" ind2=" " tag="080"><subfield code="a">904(37)</subfield></datafield><datafield ind1="1" ind2="4" tag="082"><subfield code="a">930</subfield><subfield code="2">15</subfield></datafield><datafield ind1="0" ind2="0" tag="245"><subfield code="a">Opuscula Romana ; 19</subfield></datafield><datafield ind1=" " ind2="1" tag="264"><subfield code="c">1993</subfield></datafield><datafield ind1=" " ind2=" " tag="300"><subfield code="a">119 S.</subfield><subfield code="b">Ill.</subfield><subfield code="c">30 cm</subfield></datafield><datafield ind1=" " ind2=" " tag="336"><subfield code="b">txt</subfield><subfield code="2">rdacontent</subfield></datafield><datafield ind1=" " ind2=" " tag="337"><subfield code="b">n</subfield><subfield code="2">rdamedia</subfield></datafield><datafield ind1=" " ind2=" " tag="338"><subfield code="b">nc</subfield><subfield code="2">rdacarrier</subfield></datafield><datafield ind1="1" ind2=" " tag="490"><subfield code="a">Opuscula Romana / Svenska Institutet i Rom</subfield><subfield code="v">19</subfield></datafield><datafield ind1="1" ind2=" " tag="490"><subfield code="a">Skrifter utgivna av Svenska institutet i Rom. Series in 4</subfield><subfield code="v">51</subfield></datafield><datafield ind1="1" ind2=" " tag="490"><subfield code="a">Acta Instituti romani regni Sueciae. Series in 4⁰</subfield><subfield code="v">51</subfield></datafield><datafield ind1=" " ind2=" " tag="830"><subfield code="a">Opuscula Romana</subfield><subfield code="v">19</subfield><subfield code="w">(IDSBB)000150783DSV01</subfield></datafield><datafield ind1=" " ind2=" " tag="830"><subfield code="a">Skrifter utgivna av Svenska institutet i Rom</subfield><subfield code="p">Series in 4'</subfield><subfield code="p">Series in 4' = Atti dell'Istituto svedese di Roma</subfield><subfield code="p">Series in 4'</subfield><subfield code="v">51</subfield><subfield code="w">(IDSBB)000033746DSV01</subfield></datafield><datafield ind1=" " ind2=" " tag="830"><subfield code="a">Opuscula Romana</subfield><subfield code="v">19</subfield><subfield code="w">(RERO)0442527-41slsp</subfield></datafield><datafield ind1=" " ind2=" " tag="830"><subfield code="a">Acta Instituti Romani Regni Sueciae</subfield><subfield code="p">Series in-4⁰</subfield><subfield code="v">51</subfield><subfield code="w">(RERO)0041308-41slsp</subfield></datafield><datafield ind1=" " ind2=" " tag="900"><subfield code="a">REROnoselfmerge</subfield></datafield></record>
</metadata></record>