<record><header><identifier>oai:alma.41SLSP_UGE:991000782309705502</identifier><datestamp>2024-03-08T01:24:59Z</datestamp><setSpec>uge_bcen_RapidILL_BOOK</setSpec><setSpec>uge_aaca_RapidILL_BOOK</setSpec><setSpec>uge_abels_RapidILL_BOOK</setSpec><setSpec>uge_dbu_RapidILL_BOOK</setSpec><setSpec>uge_cmu_RapidILL_BOOK</setSpec><setSpec>uge_mail_RapidILL_BOOK</setSpec><setSpec>uge_abbat_RapidILL_BOOK</setSpec><setSpec>UNIGE_ALL</setSpec><setSpec>uge_acar_RapidILL_BOOK</setSpec><setSpec>uge_aobs_RapidILL_BOOK</setSpec></header><metadata>
<record xmlns="http://www.loc.gov/MARC21/slim" xmlns:xsi="http://www.w3.org/2001/XMLSchema-instance" xsi:schemaLocation="http://www.loc.gov/MARC21/slim http://www.loc.gov/standards/marcxml/schema/MARC21slim.xsd"><leader>09888nam a2201105 c 4500</leader><controlfield tag="001">991000782309705502</controlfield><controlfield tag="005">20240307233655.0</controlfield><controlfield tag="008">201011s2001    sz ||||| |||| 00| ||ger d</controlfield><datafield ind1=" " ind2=" " tag="019"><subfield code="a">Ryffel, Barbara. - geb.: 20.01.1964 in Chur</subfield><subfield code="5">NEBIS/dalv</subfield></datafield><datafield ind1=" " ind2=" " tag="020"><subfield code="a">3725542023</subfield><subfield code="c">Fr. 63.-</subfield></datafield><datafield ind1=" " ind2=" " tag="035"><subfield code="a">(swissbib)226305279-41slsp_network</subfield></datafield><datafield ind1=" " ind2=" " tag="035"><subfield code="a">226305279</subfield><subfield code="9">ExL</subfield></datafield><datafield ind1=" " ind2=" " tag="035"><subfield code="a">(RERO)R003009849-41slsp</subfield></datafield><datafield ind1=" " ind2=" " tag="035"><subfield code="a">(NEBIS)004077173EBI01</subfield></datafield><datafield ind1=" " ind2=" " tag="035"><subfield code="a">(IDSSG)000235286HSB01</subfield></datafield><datafield ind1=" " ind2=" " tag="035"><subfield code="a">(IDSLU)000207900ILU01</subfield></datafield><datafield ind1=" " ind2=" " tag="035"><subfield code="a">(IDSBB)002259778DSV01</subfield></datafield><datafield ind1=" " ind2=" " tag="035"><subfield code="a">(ABN)000290992ABN01</subfield></datafield><datafield ind1=" " ind2=" " tag="035"><subfield code="a">(ALEX)bv80085826</subfield></datafield><datafield ind1=" " ind2=" " tag="035"><subfield code="a">(EXLNZ-41SLSP_NETWORK)991125962659705501</subfield></datafield><datafield ind1=" " ind2=" " tag="040"><subfield code="a">RERO geubfd</subfield><subfield code="d">CH-ZuSLS</subfield></datafield><datafield ind1=" " ind2=" " tag="044"><subfield code="a">sz</subfield><subfield code="c">ch-zh</subfield></datafield><datafield ind1=" " ind2="7" tag="072"><subfield code="a">dr</subfield><subfield code="2">rero</subfield></datafield><datafield ind1=" " ind2="7" tag="072"><subfield code="a">840</subfield><subfield code="2">IDS LU</subfield></datafield><datafield ind1=" " ind2="7" tag="072"><subfield code="a">rw</subfield><subfield code="2">SzZuIDS BS/BE</subfield></datafield><datafield ind1="1" ind2="4" tag="082"><subfield code="a">340</subfield><subfield code="2">15</subfield></datafield><datafield ind1=" " ind2=" " tag="084"><subfield code="a">CA/CH 59 h</subfield><subfield code="2">cjurrom</subfield></datafield><datafield ind1=" " ind2=" " tag="084"><subfield code="a">CA/CH 61 h</subfield><subfield code="2">cjurrom</subfield></datafield><datafield ind1=" " ind2=" " tag="084"><subfield code="a">CA/CH 59.1 h</subfield><subfield code="2">cjurrom</subfield></datafield><datafield ind1=" " ind2=" " tag="084"><subfield code="a">PN 982</subfield><subfield code="2">rvk</subfield></datafield><datafield ind1="1" ind2=" " tag="100"><subfield code="a">Ryffel, Barbara</subfield><subfield code="d">1964-</subfield><subfield code="0">(DE-588)1146317239</subfield><subfield code="6">880-01</subfield></datafield><datafield ind1="1" ind2=" " tag="880"><subfield code="a">Ryffel, Barbara</subfield><subfield code="0">(RERO)A006358656</subfield><subfield code="4">cre</subfield><subfield code="6">100-01</subfield></datafield><datafield ind1="1" ind2="0" tag="245"><subfield code="a">Privatrechtlicher Immissionsschutz gemäss Art. 684/679 ZGB gegen Geräuschimmissionen von Sportanlagen</subfield><subfield code="c">Barbara Ryffel</subfield></datafield><datafield ind1=" " ind2="1" tag="264"><subfield code="a">Zürich</subfield><subfield code="b">Schulthess Juristische Medien</subfield><subfield code="c">2001</subfield></datafield><datafield ind1=" " ind2=" " tag="300"><subfield code="a">XXXV, 209 S.</subfield><subfield code="c">23 cm</subfield></datafield><datafield ind1=" " ind2=" " tag="336"><subfield code="b">txt</subfield><subfield code="2">rdacontent</subfield></datafield><datafield ind1=" " ind2=" " tag="337"><subfield code="b">n</subfield><subfield code="2">rdamedia</subfield></datafield><datafield ind1=" " ind2=" " tag="338"><subfield code="b">nc</subfield><subfield code="2">rdacarrier</subfield></datafield><datafield ind1="1" ind2=" " tag="490"><subfield code="a">Zürcher Studien zum Privatrecht</subfield><subfield code="v">164</subfield></datafield><datafield ind1=" " ind2=" " tag="500"><subfield code="a">Buchhandelsausg. der Diss. Zürich, 2000</subfield></datafield><datafield ind1=" " ind2=" " tag="502"><subfield code="a">Diss. iur. Univ. Zürich, 2000. - Ref.: Hans Michael Riemer</subfield></datafield><datafield ind1=" " ind2=" " tag="504"><subfield code="a">Bibliogr.</subfield></datafield><datafield ind1=" " ind2="7" tag="650"><subfield code="a">Nachbarrecht</subfield><subfield code="9">ger</subfield><subfield code="0">(RERO)jurivoc000015489ger</subfield><subfield code="2">jurivoc</subfield></datafield><datafield ind1=" " ind2="7" tag="650"><subfield code="a">Verbot der Übermässigen Einwirkung</subfield><subfield code="9">ger</subfield><subfield code="0">(RERO)jurivoc000024237ger</subfield><subfield code="2">jurivoc</subfield></datafield><datafield ind1=" " ind2="7" tag="650"><subfield code="a">Sportanlage</subfield><subfield code="9">ger</subfield><subfield code="0">(RERO)jurivoc000020678ger</subfield><subfield code="2">jurivoc</subfield></datafield><datafield ind1=" " ind2="7" tag="650"><subfield code="a">Immission</subfield><subfield code="9">ger</subfield><subfield code="0">(RERO)jurivoc000011546ger</subfield><subfield code="2">jurivoc</subfield></datafield><datafield ind1=" " ind2="7" tag="650"><subfield code="a">Lärm</subfield><subfield code="9">ger</subfield><subfield code="0">(RERO)jurivoc000013965ger</subfield><subfield code="2">jurivoc</subfield></datafield><datafield ind1=" " ind2="7" tag="650"><subfield code="a">Grundeigentümerhaftung</subfield><subfield code="9">ger</subfield><subfield code="0">(RERO)jurivoc000010400ger</subfield><subfield code="2">jurivoc</subfield></datafield><datafield ind1=" " ind2="7" tag="650"><subfield code="a">installation sportive</subfield><subfield code="0">(RERO)A009987748</subfield><subfield code="2">rerovoc</subfield></datafield><datafield ind1=" " ind2="7" tag="650"><subfield code="a">lutte contre le bruit</subfield><subfield code="0">(RERO)A010181974</subfield><subfield code="2">rerovoc</subfield></datafield><datafield ind1=" " ind2="7" tag="650"><subfield code="a">Droit</subfield><subfield code="0">(IDREF)027466868</subfield><subfield code="2">idref</subfield></datafield><datafield ind1=" " ind2="7" tag="650"><subfield code="a">Environnement</subfield><subfield code="0">(IDREF)027772616</subfield><subfield code="2">idref</subfield></datafield><datafield ind1=" " ind2="7" tag="650"><subfield code="a">Protection</subfield><subfield code="0">(IDREF)027790150</subfield><subfield code="2">idref</subfield></datafield><datafield ind1=" " ind2="7" tag="650"><subfield code="a">Sports</subfield><subfield code="0">(IDREF)027654702</subfield><subfield code="2">idref</subfield></datafield><datafield ind1=" " ind2="7" tag="650"><subfield code="a">Immissionsschutz</subfield><subfield code="2">idszbz</subfield></datafield><datafield ind1=" " ind2="7" tag="650"><subfield code="a">Recht</subfield><subfield code="2">idszbz</subfield></datafield><datafield ind1=" " ind2="7" tag="650"><subfield code="a">Sportplatz</subfield><subfield code="2">idszbz</subfield></datafield><datafield ind1=" " ind2="0" tag="650"><subfield code="a">Noise pollution</subfield></datafield><datafield ind1=" " ind2="0" tag="650"><subfield code="a">Pollution</subfield><subfield code="x">Law and legislation</subfield></datafield><datafield ind1=" " ind2="0" tag="650"><subfield code="a">Sports facilities</subfield></datafield><datafield ind1=" " ind2="7" tag="650"><subfield code="a">DROIT DE LA PROTECTION DE L'ENVIRONNEMENT</subfield><subfield code="9">fre</subfield><subfield code="0">(ETHUDK)000011614</subfield><subfield code="2">ethudk</subfield></datafield><datafield ind1=" " ind2="7" tag="650"><subfield code="a">LÄRM AUSSERHALB VON GEBÄUDEN (LÄRMBEKÄMPFUNG)</subfield><subfield code="9">ger</subfield><subfield code="0">(ETHUDK)000014776</subfield><subfield code="2">ethudk</subfield></datafield><datafield ind1=" " ind2="7" tag="650"><subfield code="a">SCHWEIZ (MITTELEUROPA). SCHWEIZERISCHE EIDGENOSSENSCHAFT</subfield><subfield code="9">ger</subfield><subfield code="0">(ETHUDK)000004571</subfield><subfield code="2">ethudk</subfield></datafield><datafield ind1=" " ind2="7" tag="650"><subfield code="a">SPORTPLÄTZE (LANDSCHAFTSARCHITEKTUR)</subfield><subfield code="9">ger</subfield><subfield code="0">(ETHUDK)000035436</subfield><subfield code="2">ethudk</subfield></datafield><datafield ind1=" " ind2="7" tag="650"><subfield code="a">ZIVILGESETZBUCH, ZGB (RECHT)</subfield><subfield code="9">ger</subfield><subfield code="0">(ETHUDK)000044429</subfield><subfield code="2">ethudk</subfield></datafield><datafield ind1=" " ind2="7" tag="650"><subfield code="a">ZIVILRECHT + PRIVATRECHT</subfield><subfield code="9">ger</subfield><subfield code="0">(ETHUDK)000011310</subfield><subfield code="2">ethudk</subfield></datafield><datafield ind1=" " ind2="7" tag="650"><subfield code="a">Lärmimmission</subfield><subfield code="0">(DE-588)4166427-9</subfield><subfield code="2">gnd</subfield></datafield><datafield ind1=" " ind2="7" tag="650"><subfield code="a">Nachbarrecht</subfield><subfield code="0">(DE-588)4041029-8</subfield><subfield code="2">gnd</subfield></datafield><datafield ind1=" " ind2="7" tag="650"><subfield code="a">Sportstätte</subfield><subfield code="0">(DE-588)4056424-1</subfield><subfield code="2">gnd</subfield></datafield><datafield ind1=" " ind2="7" tag="650"><subfield code="a">Sportanlage</subfield><subfield code="x">Immissionsschutz</subfield><subfield code="x">Recht</subfield><subfield code="z">Schweiz</subfield><subfield code="2">idsbb</subfield></datafield><datafield ind1=" " ind2="7" tag="650"><subfield code="a">Immissionsschutz</subfield><subfield code="x">Sportanlage</subfield><subfield code="x">Recht</subfield><subfield code="z">Schweiz</subfield><subfield code="2">idsbb</subfield></datafield><datafield ind1=" " ind2="7" tag="651"><subfield code="a">Schweiz</subfield><subfield code="9">ger</subfield><subfield code="0">(RERO)jurivoc000019912ger</subfield><subfield code="2">jurivoc</subfield></datafield><datafield ind1=" " ind2="7" tag="651"><subfield code="a">Suisse</subfield><subfield code="0">(IDREF)027249654</subfield><subfield code="2">idref</subfield></datafield><datafield ind1=" " ind2="7" tag="651"><subfield code="a">Schweiz</subfield><subfield code="2">idszbz</subfield></datafield><datafield ind1=" " ind2="7" tag="651"><subfield code="a">Schweiz</subfield><subfield code="0">(DE-588)4053881-3</subfield><subfield code="2">gnd</subfield></datafield><datafield ind1=" " ind2="7" tag="655"><subfield code="a">Hochschulschrift</subfield><subfield code="2">gnd-content</subfield></datafield><datafield ind1=" " ind2=" " tag="690"><subfield code="a">Lärmschutzwand; Verkehrslärm; Immissionsgrenzwert; Eigentumsrecht; Meinung; Schuldrecht; Gesetzmäßigkeit; Umweltrecht; Feststellungsklage; Leichtathletik; Eishockey; Tennis; Schutzmaßnahme; Bodennutzung; Sportanlage; Grenzwert; Kriterium; Wirkung; Betriebszeit; Schallpegel</subfield><subfield code="2">idssg-J</subfield></datafield><datafield ind1=" " ind2=" " tag="690"><subfield code="a">Sportlärm; Lärmimmission; Nachbarrecht; Beurteilungskriterium; Beurteilungsverfahren; Ausgangslage; Begriffsumschreibung; Benutzungsordnung; Beseitigungsklage; Geräuschbeurteilung; Indizwirkung; Passivlegitimation; Schadenersatzklage; Schiedsrichterpfiff; Sportausübung; Sportbegleiterscheinung; Sportfliegerei; Abwehrrecht; Geräuscheinwirkung; Interessenlage; Rechtswegwahl; Schahschutzmaßnahme; Sportgeräuschimmission; Unabhängigkeitsthese; Wohlbefinden; Zuschaueraufkommen; Überwachungsmaßnahme; Alarmwert; Belastungsgrenzwert; Beurteilungsmaßstab; Bindungswirkung; Eigentumsbeschränkung; Impulsgehalt; Kostenrisiko; Nutzungsbeschränkung; Nutzungsplanung; Planungswert; Schulsportbetrieb; Störwirkung; Verhältnismässigkeit; Ausgangstag; Benutzerkreis; Berührungspunkt; Beschneiungsanlage; Beurteilungspegel; Einwirkungsbegriff; Eishockeyspiel; Empfindlichkeitsstufe; Fangzaun; Feststelle; Freibad; Freihaltezone; Fußballspiel; Gemeinwesen; Geräuschanteil; Gewerbezone; Hilfsmittel; Hilfsperson; Immissionsschutzbestimmung; Industriezone; Konfliktpunkt; Kunsteisbahn; Leichtathletikanlage; Lärmbelastungsmaß; Lärmempfindlichkeit; Lärmschutzmatte; Lärmschutzwall; Maximalpegel; Mittelungspegel; Nachtzeit; Nutzungsart; Nutzungszone; Ortsgebrauch; Ortsüblichkeit; Rechtsquelle; Regelwerk; Schießanlage; Schutzpflanzung; Skateboardfahrer; Sportanlagentype; Sportveranstaltung; Tennisanlage; Toleranzgrenze; Verfahrensdauer; Vergleichsgebiet; Wettkampf; Zivilgericht</subfield><subfield code="2">idssg-J</subfield></datafield><datafield ind1=" " ind2=" " tag="690"><subfield code="a">beschränktes Recht; physikalische Grundlage; physisches Wohlbefinden; privater Immissionsschutz; technische Schahschutzmaßnahme; volkswirtschaftliches Interesse; akustischer Faktor; akustische Gesetzmäßigkeit; allgemeine Begriffsumschreibung; allgemeiner Sportbetrieb; allgemeine Voraussetzung; analoge Anwendung; andere Person; ausländisches Regelwerk; bauliche Schahschutzmaßnahme; besondere Ruhezeit; bestehende Sportanlage; deutscher Gesetzgeber; dingliches Recht; direkter Eingriff; dispositive Natur; einschlägiges Beurteilungsverfahren; einzelne Sportanlage; einzelne Sportanlagentype; fehlender Grenzwert; festgelegte Toleranzgrenze; gesellschaftliche Bedeutung; großes Zuschaueraufkommen; ideelle Immission; individuell-konkrete Interessenlage; juristisches Medium; lärmbetroffener Nachbar; materielle Bestimmung; materielle Harmonisierung; materielle Immission; maßgeblicher Zeitpunkt; menschliche Kommunikation; messtechnische Beurteilung; messtechnische Erfassung; nachbarliches Interesse; nachbarrechtliche Toleranzgrenze; neue Sportanlage; normativer Ortsgebrauch; objektivierte Lärmempfindlichkeit; obligatorisches Rechtsgeschäft; organisatorische Maßnahme; persönlicher Umstand; physiologischer Faktor; physiologische Grundlage; polizeilicher Immissionsschutz; polizeiliche Immissionsschutzbestimmung; praktische Bedeutung; privatrechtlich Immissi; privatrechtlich Schutzvor; privatrechtlicher Immissionsschutz; prozessuale Unabhängigkeit; psychisches Wohlbefinden; psychologischer Faktor; rechtswissenschaftliche Fakultät; richterliches Ermessen; richterliche Maßnahme; räumliche Nutzungsbeschränkung; soziales Interesse; sportlich Wettkamp; sportlicher Wettkampf; summierte Immission; tatsächliches Verhältnis; technische Maßnahme; typischer Sportbetrieb; umweltrechtlicher Einwirkungsbegriff; umweltrechtlich Nmmissionsschutzbestiminungen; verschiedenes Beurteilungskriterium</subfield><subfield code="2">idssg-J</subfield></datafield><datafield ind1=" " ind2=" " tag="690"><subfield code="a">; verschiedene Nutzungszone; verstärktes Geräusch; vorsorgliche Maßnahme; wesentlicher Umstand; wirtschaftliches Interesse; wirtschaftliche Zumutbarkeit; zulässige Bodennutzung; ähnliches Gerät; öffentlich Bau; öffentlicher Immissionsschutz; öffentliches Interesse; öffentlichrechtliche Eigentumsbeschränkung; örtliches Verhältnis</subfield><subfield code="2">idssg-J</subfield></datafield><datafield ind1=" " ind2=" " tag="690"><subfield code="a">Schweiz C4EXSI; Iran C7IRAN</subfield><subfield code="2">idssg-J</subfield></datafield><datafield ind1=" " ind2=" " tag="690"><subfield code="a">B. Beeinträchtigung; B. Begriff; B. Berücksichtigung; B. Dienstbarkeiten; B. Einwirkungsarten; B. Eishockeytraining; B. Fussballtraining; B. Geräusche; B. Grenzwertordnung; B. Immissionsschutz; B. Informationsgehalt; B. Nachbar; B. Ortsgebrauch; B. Schadenminderungspflicht; B. Unterlassungsklage; Barbara Ryffel; C. Berücksichtigung; C. Beurteilungskriterien; C. Immissionsschutz; C. Kausalzusammenhang; C. Präventivklage; C. Tonhaltigkeit; C. Zuschauer; D. Aktiv-; D. Doppelnormen; D. Frage; D. Massnahmen; D. Veranstalter; D. Würdigung; E. Würdigung; E. Zeitpunkt; Empfindü chki tsstufen; F. Erfassung; Hans Michael Riemer Schulthess; Michael Riemer Schulthess; privatrechtlich Immissi Qü; privatrechtlich Immissionsschutz Geräuschbeurteilung; Prof. Dr. Hans Michael Riemer Schulthess Juristische Medien; räumlich Nutzungsbeschränkungen Beschränkungen; Schutzvor Geräüschimmissionen</subfield><subfield code="2">idssg-J</subfield></datafield><datafield ind1=" " ind2=" " tag="690"><subfield code="a">Lärm, B: Sportanlage: Recht. Schweiz</subfield><subfield code="2">rzs-L1</subfield></datafield><datafield ind1=" " ind2=" " tag="690"><subfield code="a">Lärmimmission, B: Sportanlage: Recht. Schweiz</subfield><subfield code="2">rzs-L1</subfield></datafield><datafield ind1=" " ind2=" " tag="690"><subfield code="a">Immissionen, B: Lärmimmission: Sportanlage: Recht. Schweiz</subfield><subfield code="2">rzs-L1</subfield></datafield><datafield ind1=" " ind2=" " tag="690"><subfield code="a">Immissionschutz, B: privatrechtlicher: Lärmimmission: Sportanlage. Schweiz</subfield><subfield code="2">rzs-L1</subfield></datafield><datafield ind1=" " ind2=" " tag="691"><subfield code="e">PC 70.1 CH</subfield><subfield code="2">rzs-L1</subfield></datafield><datafield ind1=" " ind2=" " tag="691"><subfield code="e">PC 59 CH</subfield><subfield code="2">rzs-L1</subfield></datafield><datafield ind1=" " ind2=" " tag="691"><subfield code="e">PC 61.2 CH</subfield><subfield code="2">rzs-L1</subfield></datafield><datafield ind1="1" ind2=" " tag="700"><subfield code="a">Riemer, Hans Michael</subfield><subfield code="d">1942-</subfield><subfield code="0">(DE-588)107703041</subfield><subfield code="4">dgs</subfield></datafield><datafield ind1="2" ind2=" " tag="810"><subfield code="a">Universität Zürich</subfield><subfield code="b">Rechtswissenschaftliche Fakultät</subfield><subfield code="t">Zürcher Studien zum Privatrecht</subfield><subfield code="v">164</subfield><subfield code="w">(IDSSG)000002230HSB01</subfield></datafield><datafield ind1="4" ind2=" " tag="856"><subfield code="u">https://tools.unisg.ch/url/hm00027190</subfield><subfield code="z">Inhaltsverzeichnis</subfield></datafield><datafield ind1=" " ind2=" " tag="900"><subfield code="a">IDSZ1ZH</subfield></datafield><datafield ind1=" " ind2=" " tag="900"><subfield code="a">IDSZ2zbzmon200102l</subfield><subfield code="c">IDSZ2mojs</subfield><subfield code="d">IDSZ2zbzswk200210u</subfield></datafield><datafield ind1=" " ind2=" " tag="900"><subfield code="a">IDSZ2rwimon200103l</subfield><subfield code="c">IDSZ2buche</subfield><subfield code="d">IDSZ2rwiswk200103b</subfield><subfield code="e">IDSZ2buec</subfield></datafield><datafield ind1=" " ind2=" " tag="949"><subfield code="a">https://tools.unisg.ch/url/hm00027190</subfield></datafield></record>
</metadata></record>