<record><header><identifier>oai:alma.41SLSP_UGE:991000781979705502</identifier><datestamp>2023-12-29T01:15:40Z</datestamp><setSpec>uge_bcen_RapidILL_BOOK</setSpec><setSpec>uge_aaca_RapidILL_BOOK</setSpec><setSpec>uge_abels_RapidILL_BOOK</setSpec><setSpec>uge_dbu_RapidILL_BOOK</setSpec><setSpec>uge_cmu_RapidILL_BOOK</setSpec><setSpec>uge_mail_RapidILL_BOOK</setSpec><setSpec>uge_abbat_RapidILL_BOOK</setSpec><setSpec>UNIGE_ALL</setSpec><setSpec>uge_aobs_RapidILL_BOOK</setSpec><setSpec>uge_acar_RapidILL_BOOK</setSpec></header><metadata>
<record xmlns="http://www.loc.gov/MARC21/slim" xmlns:xsi="http://www.w3.org/2001/XMLSchema-instance" xsi:schemaLocation="http://www.loc.gov/MARC21/slim http://www.loc.gov/standards/marcxml/schema/MARC21slim.xsd"><leader>01436nam a2200361uc 4500</leader><controlfield tag="001">991000781979705502</controlfield><controlfield tag="005">20201126033058.0</controlfield><controlfield tag="008">201011s1987    it ||||| |||| 00| ||fre d</controlfield><datafield ind1=" " ind2=" " tag="035"><subfield code="a">(swissbib)222086726-41slsp_network</subfield></datafield><datafield ind1=" " ind2=" " tag="035"><subfield code="a">222086726</subfield><subfield code="9">ExL</subfield></datafield><datafield ind1=" " ind2=" " tag="035"><subfield code="a">(IDSBB)000706277DSV01</subfield></datafield><datafield ind1=" " ind2=" " tag="035"><subfield code="a">(RERO)1013412-41slsp</subfield></datafield><datafield ind1=" " ind2=" " tag="035"><subfield code="a">(EXLNZ-41SLSP_NETWORK)991098904229705501</subfield></datafield><datafield ind1=" " ind2=" " tag="040"><subfield code="a">SzZuIDS BS/BE A100</subfield><subfield code="b">ger</subfield><subfield code="e">kids</subfield><subfield code="d">CH-ZuSLS</subfield></datafield><datafield ind1=" " ind2="7" tag="072"><subfield code="a">fl</subfield><subfield code="2">SzZuIDS BS/BE</subfield></datafield><datafield ind1=" " ind2="7" tag="072"><subfield code="a">fr</subfield><subfield code="2">rero</subfield></datafield><datafield ind1="1" ind2="4" tag="082"><subfield code="a">840</subfield><subfield code="2">15</subfield></datafield><datafield ind1="1" ind2=" " tag="100"><subfield code="a">Maubon, Catherine</subfield><subfield code="0">(IDREF)027017974</subfield><subfield code="4">cre</subfield></datafield><datafield ind1="1" ind2="0" tag="245"><subfield code="a">Michel Leiris au travail</subfield><subfield code="b">analyse et transcription d'un fragment manuscrit de Fourbis</subfield><subfield code="c">[a cura di] Catherine Maubon</subfield></datafield><datafield ind1=" " ind2="1" tag="264"><subfield code="a">Ospedaletto (Pisa)</subfield><subfield code="b">Pacini</subfield><subfield code="c">1987</subfield></datafield><datafield ind1=" " ind2=" " tag="300"><subfield code="a">217 p.</subfield><subfield code="c">24 cm</subfield></datafield><datafield ind1=" " ind2=" " tag="336"><subfield code="b">txt</subfield><subfield code="2">rdacontent</subfield></datafield><datafield ind1=" " ind2=" " tag="337"><subfield code="b">n</subfield><subfield code="2">rdamedia</subfield></datafield><datafield ind1=" " ind2=" " tag="338"><subfield code="b">nc</subfield><subfield code="2">rdacarrier</subfield></datafield><datafield ind1="1" ind2=" " tag="490"><subfield code="a">Testi francesi. Serie 3</subfield><subfield code="v">1</subfield></datafield><datafield ind1=" " ind2=" " tag="500"><subfield code="a">Vortitel: Pubblicazioni della Società universitaria per gli studi di lingua e letteratura francese</subfield></datafield><datafield ind1="1" ind2="7" tag="600"><subfield code="a">Leiris, Michel</subfield><subfield code="x">Fourbis</subfield><subfield code="2">idsbb</subfield></datafield><datafield ind1="1" ind2="7" tag="600"><subfield code="a">Leiris, Michel</subfield><subfield code="d">1901-1990</subfield><subfield code="0">(IDREF)027422143</subfield><subfield code="2">idref</subfield></datafield><datafield ind1="1" ind2="2" tag="700"><subfield code="a">Leiris, Michel</subfield><subfield code="d">1901-1990</subfield><subfield code="t">Fourbis</subfield></datafield><datafield ind1="1" ind2=" " tag="700"><subfield code="a">Leiris, Michel</subfield><subfield code="d">1901-1990</subfield><subfield code="0">(DE-588)118571346</subfield></datafield><datafield ind1="2" ind2=" " tag="710"><subfield code="a">Società Universitaria per gli Studi di Lingua e Letteratura Francese</subfield><subfield code="0">(DE-588)1024948-5</subfield></datafield><datafield ind1=" " ind2=" " tag="830"><subfield code="a">Testi francesi</subfield><subfield code="n">Serie 3</subfield><subfield code="v">1</subfield><subfield code="w">(RERO)1013417-41slsp</subfield></datafield><datafield ind1=" " ind2=" " tag="830"><subfield code="a">Testi francesi</subfield><subfield code="p">Serie 3</subfield><subfield code="v">1</subfield><subfield code="w">(IDSBB)000706260DSV01</subfield></datafield><datafield ind1=" " ind2=" " tag="900"><subfield code="a">REROnoselfmerge</subfield></datafield></record>
</metadata></record>