<record><header><identifier>oai:alma.41SLSP_UGE:991000782189705502</identifier><datestamp>2023-03-01T01:09:43Z</datestamp><setSpec>uge_bcen_RapidILL_BOOK</setSpec><setSpec>uge_aaca_RapidILL_BOOK</setSpec><setSpec>uge_abels_RapidILL_BOOK</setSpec><setSpec>uge_dbu_RapidILL_BOOK</setSpec><setSpec>uge_cmu_RapidILL_BOOK</setSpec><setSpec>uge_mail_RapidILL_BOOK</setSpec><setSpec>UNIGE_ALL</setSpec><setSpec>uge_abbat_RapidILL_BOOK</setSpec><setSpec>uge_aobs_RapidILL_BOOK</setSpec><setSpec>uge_acar_RapidILL_BOOK</setSpec></header><metadata>
<record xmlns="http://www.loc.gov/MARC21/slim" xmlns:xsi="http://www.w3.org/2001/XMLSchema-instance" xsi:schemaLocation="http://www.loc.gov/MARC21/slim http://www.loc.gov/standards/marcxml/schema/MARC21slim.xsd"><leader>03294nam a2200409 c 4500</leader><controlfield tag="001">991000782189705502</controlfield><controlfield tag="005">20230221201440.0</controlfield><controlfield tag="008">070126s2005    gr ||||| |||| 00| ||gre d</controlfield><datafield ind1=" " ind2=" " tag="020"><subfield code="a">9600110492</subfield></datafield><datafield ind1=" " ind2=" " tag="035"><subfield code="a">(swissbib)104670002-41slsp_network</subfield></datafield><datafield ind1=" " ind2=" " tag="035"><subfield code="a">104670002</subfield><subfield code="9">ExL</subfield></datafield><datafield ind1=" " ind2=" " tag="035"><subfield code="a">(RERO)R004317116-41slsp</subfield></datafield><datafield ind1=" " ind2=" " tag="035"><subfield code="a">(EXLNZ-41SLSP_NETWORK)991084384509705501</subfield></datafield><datafield ind1=" " ind2=" " tag="040"><subfield code="a">RERO geulgm</subfield><subfield code="d">CH-ZuSLS</subfield></datafield><datafield ind1=" " ind2="7" tag="072"><subfield code="a">gr</subfield><subfield code="2">rero</subfield></datafield><datafield ind1="0" ind2="0" tag="245"><subfield code="6">880-01</subfield><subfield code="a">Opseis tēs eterotētas</subfield><subfield code="c">epim. Argyrēs Kyridēs, Antreas Andreou</subfield></datafield><datafield ind1="0" ind2="0" tag="880"><subfield code="6">245-01/(S</subfield><subfield code="a">Όψεις της ετερότητας</subfield><subfield code="c">επιμ. Αργύρης Κυρίδης, Αντρέας Ανδρέου</subfield></datafield><datafield ind1="1" ind2=" " tag="246"><subfield code="a">Opseis ti̲s eteroti̲tas / epim. Argyri̲s Kyridi̲s, And̲reas Andreou</subfield></datafield><datafield ind1=" " ind2="1" tag="264"><subfield code="6">880-02</subfield><subfield code="a">Athi̲na</subfield><subfield code="b">Gutenberg</subfield><subfield code="c">2005</subfield></datafield><datafield ind1=" " ind2="1" tag="880"><subfield code="6">264-02/(S</subfield><subfield code="a">Αθήνα</subfield><subfield code="b">Γουτένμπεργκ</subfield></datafield><datafield ind1=" " ind2=" " tag="300"><subfield code="a">255 p.</subfield><subfield code="b">ill.</subfield></datafield><datafield ind1=" " ind2=" " tag="336"><subfield code="b">txt</subfield><subfield code="2">rdacontent</subfield></datafield><datafield ind1=" " ind2=" " tag="337"><subfield code="b">n</subfield><subfield code="2">rdamedia</subfield></datafield><datafield ind1=" " ind2=" " tag="338"><subfield code="b">nc</subfield><subfield code="2">rdacarrier</subfield></datafield><datafield ind1="1" ind2=" " tag="490"><subfield code="6">880-03</subfield><subfield code="a">Vivliothí̲ki̲ koino̲nikí̲s epistí̲mi̲s kai koino̲nikí̲s politikí̲s</subfield><subfield code="v">105</subfield></datafield><datafield ind1="0" ind2=" " tag="880"><subfield code="6">490-03/(S</subfield><subfield code="a">Βιβλιοθήκη κοινωνικής επιστήμης και κοινωνικής πολιτικής</subfield><subfield code="v">105</subfield></datafield><datafield ind1=" " ind2="7" tag="650"><subfield code="a">minorité ethnique</subfield><subfield code="0">(RERO)A009978621</subfield><subfield code="2">rerovoc</subfield></datafield><datafield ind1=" " ind2="7" tag="650"><subfield code="a">20e siècle</subfield><subfield code="0">(IDREF)086305646</subfield><subfield code="2">idref</subfield></datafield><datafield ind1=" " ind2="7" tag="650"><subfield code="a">Identité collective</subfield><subfield code="0">(IDREF)029251133</subfield><subfield code="2">idref</subfield></datafield><datafield ind1=" " ind2="7" tag="650"><subfield code="a">Altérité (philosophie)</subfield><subfield code="0">(IDREF)027581128</subfield><subfield code="2">idref</subfield></datafield><datafield ind1=" " ind2="7" tag="651"><subfield code="a">Grèce</subfield><subfield code="0">(IDREF)027228428</subfield><subfield code="2">idref</subfield></datafield><datafield ind1="1" ind2=" " tag="700"><subfield code="6">880-04</subfield><subfield code="a">Kyridēs, Argyrēs</subfield><subfield code="0">(IDREF)243904010</subfield></datafield><datafield ind1="1" ind2=" " tag="880"><subfield code="6">700-04/(S</subfield><subfield code="a">Κυρίδης, Αργύρης</subfield></datafield><datafield ind1="1" ind2=" " tag="700"><subfield code="6">880-05</subfield><subfield code="a">Andreou, Andreas</subfield><subfield code="0">(RERO)A021804925</subfield></datafield><datafield ind1="1" ind2=" " tag="880"><subfield code="6">700-05/(S</subfield><subfield code="a">Ανδρέου, Αντρέας</subfield></datafield><datafield ind1=" " ind2=" " tag="830"><subfield code="6">880-06</subfield><subfield code="a">Vivliothēkē koinōnikēs epistēmēs kai koinōnikēs politikēs</subfield><subfield code="v">105</subfield><subfield code="w">(RERO)R225372060-41slsp</subfield></datafield><datafield ind1=" " ind2="0" tag="880"><subfield code="6">830-06/(S</subfield><subfield code="a">Βιβλιοθήκη κοινωνικής επιστήμης και κοινωνικής πολιτικής</subfield><subfield code="v">105</subfield></datafield><datafield ind1=" " ind2=" " tag="900"><subfield code="a">REROnoselfmerge</subfield></datafield></record>
</metadata></record>