<record><header><identifier>oai:alma.41SLSP_UGE:991000782289705502</identifier><datestamp>2023-03-01T01:09:43Z</datestamp><setSpec>uge_bcen_RapidILL_BOOK</setSpec><setSpec>uge_aaca_RapidILL_BOOK</setSpec><setSpec>uge_abels_RapidILL_BOOK</setSpec><setSpec>uge_dbu_RapidILL_BOOK</setSpec><setSpec>uge_cmu_RapidILL_BOOK</setSpec><setSpec>uge_mail_RapidILL_BOOK</setSpec><setSpec>UNIGE_ALL</setSpec><setSpec>uge_abbat_RapidILL_BOOK</setSpec><setSpec>uge_aobs_RapidILL_BOOK</setSpec><setSpec>uge_acar_RapidILL_BOOK</setSpec></header><metadata>
<record xmlns="http://www.loc.gov/MARC21/slim" xmlns:xsi="http://www.w3.org/2001/XMLSchema-instance" xsi:schemaLocation="http://www.loc.gov/MARC21/slim http://www.loc.gov/standards/marcxml/schema/MARC21slim.xsd"><leader>01007nam a22002657c 4500</leader><controlfield tag="001">991000782289705502</controlfield><controlfield tag="005">20201230230009.0</controlfield><controlfield tag="008">201011s1854    fr ||||| |||| 00| ||fre d</controlfield><datafield ind1=" " ind2=" " tag="035"><subfield code="a">(swissbib)220980721-41slsp_network</subfield></datafield><datafield ind1=" " ind2=" " tag="035"><subfield code="a">220980721</subfield><subfield code="9">ExL</subfield></datafield><datafield ind1=" " ind2=" " tag="035"><subfield code="a">(RERO)R004482630-41slsp</subfield></datafield><datafield ind1=" " ind2=" " tag="035"><subfield code="a">(IDSBB)003416583DSV01</subfield></datafield><datafield ind1=" " ind2=" " tag="035"><subfield code="a">(EXLNZ-41SLSP_NETWORK)991078671709705501</subfield></datafield><datafield ind1=" " ind2=" " tag="040"><subfield code="a">RERO labcuc</subfield><subfield code="d">CH-ZuSLS</subfield></datafield><datafield ind1=" " ind2="7" tag="072"><subfield code="a">th</subfield><subfield code="2">rero</subfield></datafield><datafield ind1="1" ind2=" " tag="100"><subfield code="a">Schaeffer, Adolphe</subfield><subfield code="c">pasteur</subfield><subfield code="d">1826-1896</subfield><subfield code="0">(IDREF)077308344</subfield><subfield code="4">cre</subfield></datafield><datafield ind1="1" ind2="0" tag="245"><subfield code="a">Madame Duplessis-Mornay née Charlotte Arbaleste</subfield><subfield code="c">par Adolphe Schaeffer</subfield></datafield><datafield ind1=" " ind2="1" tag="264"><subfield code="a">Paris</subfield><subfield code="b">J. Cherbuliez</subfield><subfield code="a">Ch. Meyrueis</subfield><subfield code="a">Grassart</subfield><subfield code="c">1854</subfield></datafield><datafield ind1=" " ind2=" " tag="300"><subfield code="a">20 p.</subfield><subfield code="c">25 cm</subfield></datafield><datafield ind1=" " ind2=" " tag="336"><subfield code="b">txt</subfield><subfield code="2">rdacontent</subfield></datafield><datafield ind1=" " ind2=" " tag="337"><subfield code="b">n</subfield><subfield code="2">rdamedia</subfield></datafield><datafield ind1=" " ind2=" " tag="338"><subfield code="b">nc</subfield><subfield code="2">rdacarrier</subfield></datafield><datafield ind1=" " ind2=" " tag="500"><subfield code="a">Discours lu à l'assemblée générale de la Société de l'histoire du protestantisme français le 25 avril 1854</subfield></datafield><datafield ind1="1" ind2=" " tag="700"><subfield code="a">Mornay, Philippe de</subfield><subfield code="d">1549-1623</subfield><subfield code="0">(IDREF)027151786</subfield></datafield><datafield ind1="1" ind2=" " tag="700"><subfield code="a">Mornay, Charlotte Arbaleste de</subfield><subfield code="0">(RERO)A003610580</subfield></datafield><datafield ind1=" " ind2=" " tag="900"><subfield code="a">REROnoselfmerge</subfield></datafield><datafield ind1=" " ind2=" " tag="993"><subfield code="a">MHR Vm 49</subfield><subfield code="x">ge/mhr-/9695</subfield><subfield code="9">LOCAL</subfield></datafield></record>
</metadata></record>