<record><header><identifier>oai:alma.41SLSP_UGE:991000782499705502</identifier><datestamp>2023-04-06T00:09:25Z</datestamp><setSpec>uge_bcen_RapidILL_BOOK</setSpec><setSpec>uge_aaca_RapidILL_BOOK</setSpec><setSpec>uge_abels_RapidILL_BOOK</setSpec><setSpec>uge_dbu_RapidILL_BOOK</setSpec><setSpec>uge_cmu_RapidILL_BOOK</setSpec><setSpec>uge_mail_RapidILL_BOOK</setSpec><setSpec>uge_abbat_RapidILL_BOOK</setSpec><setSpec>UNIGE_ALL</setSpec><setSpec>uge_acar_RapidILL_BOOK</setSpec><setSpec>uge_aobs_RapidILL_BOOK</setSpec></header><metadata>
<record xmlns="http://www.loc.gov/MARC21/slim" xmlns:xsi="http://www.w3.org/2001/XMLSchema-instance" xsi:schemaLocation="http://www.loc.gov/MARC21/slim http://www.loc.gov/standards/marcxml/schema/MARC21slim.xsd"><leader>01963nam a2200517 c 4500</leader><controlfield tag="001">991000782499705502</controlfield><controlfield tag="005">20230405194618.0</controlfield><controlfield tag="008">201011s1987    gw ||||| |||| 00| ||eng d</controlfield><datafield ind1=" " ind2=" " tag="020"><subfield code="a">3540179666</subfield><subfield code="q">Berlin</subfield></datafield><datafield ind1=" " ind2=" " tag="020"><subfield code="a">0387179666</subfield><subfield code="q">New York</subfield></datafield><datafield ind1=" " ind2=" " tag="035"><subfield code="a">(swissbib)225962969-41slsp_network</subfield></datafield><datafield ind1=" " ind2=" " tag="035"><subfield code="a">225962969</subfield><subfield code="9">ExL</subfield></datafield><datafield ind1=" " ind2=" " tag="035"><subfield code="a">(RERO)1145038-41slsp</subfield></datafield><datafield ind1=" " ind2=" " tag="035"><subfield code="a">(NEBIS)000413138EBI01</subfield></datafield><datafield ind1=" " ind2=" " tag="035"><subfield code="a">(EXLNZ-41SLSP_NETWORK)991046330209705501</subfield></datafield><datafield ind1=" " ind2=" " tag="040"><subfield code="a">RERO gevcjb</subfield><subfield code="d">CH-ZuSLS</subfield></datafield><datafield ind1=" " ind2="7" tag="072"><subfield code="a">bo</subfield><subfield code="2">rero</subfield></datafield><datafield ind1=" " ind2="7" tag="072"><subfield code="a">in</subfield><subfield code="2">rero</subfield></datafield><datafield ind1="0" ind2="0" tag="082"><subfield code="a">633/.491</subfield><subfield code="2">19</subfield></datafield><datafield ind1="1" ind2="4" tag="082"><subfield code="a">631.523</subfield><subfield code="2">22</subfield></datafield><datafield ind1="1" ind2="4" tag="082"><subfield code="a">635.21</subfield><subfield code="2">22</subfield></datafield><datafield ind1="0" ind2="0" tag="245"><subfield code="a">Potato</subfield><subfield code="c">ed. by Y.P.S. Bajaj</subfield></datafield><datafield ind1=" " ind2="1" tag="264"><subfield code="a">Berlin</subfield><subfield code="a">New York [etc.]</subfield><subfield code="b">Springer</subfield><subfield code="c">[1987]</subfield></datafield><datafield ind1=" " ind2="4" tag="264"><subfield code="c">© 1987</subfield></datafield><datafield ind1=" " ind2=" " tag="300"><subfield code="a">XXII, 509 p.</subfield><subfield code="b">ill.</subfield><subfield code="c">25 cm</subfield></datafield><datafield ind1=" " ind2=" " tag="336"><subfield code="b">txt</subfield><subfield code="2">rdacontent</subfield></datafield><datafield ind1=" " ind2=" " tag="337"><subfield code="b">n</subfield><subfield code="2">rdamedia</subfield></datafield><datafield ind1=" " ind2=" " tag="338"><subfield code="b">nc</subfield><subfield code="2">rdacarrier</subfield></datafield><datafield ind1="1" ind2=" " tag="490"><subfield code="a">Biotechnology in agriculture and forestry</subfield><subfield code="v">3</subfield></datafield><datafield ind1=" " ind2="7" tag="650"><subfield code="a">culture in vitro</subfield><subfield code="0">(RERO)A010070727</subfield><subfield code="2">rerovoc</subfield></datafield><datafield ind1=" " ind2="7" tag="650"><subfield code="a">Pomme de terre</subfield><subfield code="0">(IDREF)034819592</subfield><subfield code="2">idref</subfield></datafield><datafield ind1=" " ind2="7" tag="650"><subfield code="a">Solanum tuberosum (Solanaceae) [Taxonomie]</subfield><subfield code="0">(RERO)A027246801</subfield><subfield code="2">rero</subfield></datafield><datafield ind1=" " ind2="7" tag="650"><subfield code="a">Kartoffel</subfield><subfield code="2">idszbz</subfield></datafield><datafield ind1=" " ind2="7" tag="650"><subfield code="a">Biotechnologie</subfield><subfield code="0">(DE-588)4069491-4</subfield><subfield code="2">gnd</subfield></datafield><datafield ind1=" " ind2="7" tag="650"><subfield code="a">Kartoffel</subfield><subfield code="0">(DE-588)4029804-8</subfield><subfield code="2">gnd</subfield></datafield><datafield ind1=" " ind2="0" tag="650"><subfield code="a">Potatoes</subfield><subfield code="x">Biotechnology</subfield></datafield><datafield ind1=" " ind2="0" tag="650"><subfield code="a">Tree crops</subfield><subfield code="x">Micropropagation</subfield></datafield><datafield ind1=" " ind2="0" tag="650"><subfield code="a">Trees</subfield><subfield code="x">Micropropagation</subfield></datafield><datafield ind1=" " ind2="7" tag="650"><subfield code="a">AGRARBIOTECHNOLOGIE + FORSTLICHE BIOTECHNOLOGIE</subfield><subfield code="9">ger</subfield><subfield code="0">(ETHUDK)000043112</subfield><subfield code="2">ethudk</subfield></datafield><datafield ind1=" " ind2="7" tag="650"><subfield code="a">KARTOFFEL-VERARBEITUNGSPRODUKTE (LEBENSMITTELINDUSTRIE)</subfield><subfield code="9">ger</subfield><subfield code="0">(ETHUDK)000039926</subfield><subfield code="2">ethudk</subfield></datafield><datafield ind1=" " ind2="7" tag="650"><subfield code="a">KARTOFFELN (PFLANZENBAU)</subfield><subfield code="9">ger</subfield><subfield code="0">(ETHUDK)000031471</subfield><subfield code="2">ethudk</subfield></datafield><datafield ind1="1" ind2=" " tag="700"><subfield code="a">Bajaj, Y.P.S</subfield><subfield code="q">Yash Pal Singh</subfield><subfield code="c">Biotechnologe</subfield><subfield code="d">1936-1999</subfield></datafield><datafield ind1="1" ind2=" " tag="700"><subfield code="a">Bajaj, Yashpal Singh</subfield><subfield code="d">1936-....</subfield><subfield code="0">(IDREF)060903600</subfield></datafield><datafield ind1=" " ind2=" " tag="830"><subfield code="a">Biotechnology in agriculture and forestry</subfield><subfield code="v">3</subfield><subfield code="w">(RERO)0708988-41slsp</subfield></datafield><datafield ind1=" " ind2=" " tag="830"><subfield code="a">Biotechnology in agriculture and forestry</subfield><subfield code="v">3</subfield><subfield code="w">(NEBIS)000033229EBI01</subfield></datafield><datafield ind1=" " ind2=" " tag="900"><subfield code="a">REROnoselfmerge</subfield></datafield><datafield ind1=" " ind2=" " tag="900"><subfield code="a">IDSZRMedeaZBZ</subfield></datafield></record>
</metadata></record>