<record><header><identifier>oai:alma.41SLSP_UGE:991000782749705502</identifier><datestamp>2023-03-01T01:09:43Z</datestamp><setSpec>uge_bcen_RapidILL_BOOK</setSpec><setSpec>uge_aaca_RapidILL_BOOK</setSpec><setSpec>uge_abels_RapidILL_BOOK</setSpec><setSpec>uge_dbu_RapidILL_BOOK</setSpec><setSpec>uge_cmu_RapidILL_BOOK</setSpec><setSpec>uge_mail_RapidILL_BOOK</setSpec><setSpec>UNIGE_ALL</setSpec><setSpec>uge_abbat_RapidILL_BOOK</setSpec><setSpec>uge_aobs_RapidILL_BOOK</setSpec><setSpec>uge_acar_RapidILL_BOOK</setSpec></header><metadata>
<record xmlns="http://www.loc.gov/MARC21/slim" xmlns:xsi="http://www.w3.org/2001/XMLSchema-instance" xsi:schemaLocation="http://www.loc.gov/MARC21/slim http://www.loc.gov/standards/marcxml/schema/MARC21slim.xsd"><leader>01785nam a22003612c 4500</leader><controlfield tag="001">991000782749705502</controlfield><controlfield tag="005">20210206203157.0</controlfield><controlfield tag="008">170721s1989    ja ||||| |||| 00| ||jpn d</controlfield><datafield ind1=" " ind2=" " tag="020"><subfield code="a">4061289659</subfield></datafield><datafield ind1=" " ind2=" " tag="020"><subfield code="a">9784061289659</subfield></datafield><datafield ind1=" " ind2=" " tag="035"><subfield code="a">(swissbib)124028012-41slsp_network</subfield></datafield><datafield ind1=" " ind2=" " tag="035"><subfield code="a">124028012</subfield><subfield code="9">ExL</subfield></datafield><datafield ind1=" " ind2=" " tag="035"><subfield code="a">(RERO)R008682770-41slsp</subfield></datafield><datafield ind1=" " ind2=" " tag="035"><subfield code="a">(EXLNZ-41SLSP_NETWORK)991132915209705501</subfield></datafield><datafield ind1=" " ind2=" " tag="040"><subfield code="a">LWU</subfield><subfield code="b">jpn</subfield><subfield code="d">CH-ZuSLS</subfield></datafield><datafield ind1=" " ind2="7" tag="072"><subfield code="a">or</subfield><subfield code="2">rero</subfield></datafield><datafield ind1="0" ind2="0" tag="245"><subfield code="6">880-01</subfield><subfield code="a">Nihon dai saijiki</subfield><subfield code="b">karā zusetsu aiyōban.</subfield><subfield code="n">shinnen</subfield><subfield code="c">Kōdansha hen ; Mizuhara Shūōshi ; Katō Shūson ; Yamamoto Kenkichi Kanshū</subfield></datafield><datafield ind1="0" ind2="0" tag="880"><subfield code="6">245-01/$1</subfield><subfield code="a">日本大歲時記</subfield><subfield code="b">カラー図說 愛用版.</subfield><subfield code="n">新年</subfield><subfield code="c">講談社編 ; 水原秋櫻子,加藤楸邨,山本健吉監修</subfield></datafield><datafield ind1=" " ind2="1" tag="264"><subfield code="6">880-02</subfield><subfield code="a">Tōkyō</subfield><subfield code="b">Kōdansha</subfield><subfield code="c">1989</subfield></datafield><datafield ind1=" " ind2="1" tag="880"><subfield code="6">264-02/$1</subfield><subfield code="a">東京</subfield><subfield code="b">講談社</subfield><subfield code="c">1989</subfield></datafield><datafield ind1=" " ind2=" " tag="300"><subfield code="a">278 p.</subfield><subfield code="c">26 cm</subfield></datafield><datafield ind1=" " ind2=" " tag="336"><subfield code="b">txt</subfield><subfield code="2">rdacontent</subfield></datafield><datafield ind1=" " ind2=" " tag="337"><subfield code="b">n</subfield><subfield code="2">rdamedia</subfield></datafield><datafield ind1=" " ind2=" " tag="338"><subfield code="b">nc</subfield><subfield code="2">rdacarrier</subfield></datafield><datafield ind1="1" ind2=" " tag="700"><subfield code="6">880-03</subfield><subfield code="a">Mizuhara, Shuōshi</subfield><subfield code="d">1892-1981</subfield><subfield code="0">(IDREF)110920104</subfield></datafield><datafield ind1="1" ind2=" " tag="880"><subfield code="6">700-03/$1</subfield><subfield code="a">水原秋桜子</subfield><subfield code="d">1892-1981</subfield></datafield><datafield ind1="1" ind2=" " tag="700"><subfield code="6">880-04</subfield><subfield code="a">Katō, Shūson</subfield><subfield code="d">1905-1993</subfield><subfield code="0">(RERO)A027083613</subfield></datafield><datafield ind1="1" ind2=" " tag="880"><subfield code="6">700-04/$1</subfield><subfield code="a">加藤楸邨</subfield><subfield code="d">1905-1993</subfield></datafield><datafield ind1="1" ind2=" " tag="700"><subfield code="6">880-05</subfield><subfield code="a">Yamamoto, Kenkichi</subfield><subfield code="d">1907-1988</subfield><subfield code="0">(IDREF)069786968</subfield></datafield><datafield ind1="1" ind2=" " tag="880"><subfield code="6">700-05/$1</subfield><subfield code="a">山本健吉</subfield><subfield code="d">1907-1988</subfield></datafield><datafield ind1="2" ind2=" " tag="710"><subfield code="6">880-06</subfield><subfield code="a">Kōdansha</subfield><subfield code="0">(IDREF)050241931</subfield></datafield><datafield ind1="2" ind2=" " tag="880"><subfield code="6">710-06/$1</subfield><subfield code="a">講談社</subfield></datafield><datafield ind1=" " ind2=" " tag="900"><subfield code="a">REROnoselfmerge</subfield></datafield><datafield ind1=" " ind2=" " tag="910"><subfield code="a">OCoLC</subfield><subfield code="b">20170721</subfield><subfield code="c">Droits réservés</subfield></datafield></record>
</metadata></record>