<record><header><identifier>oai:alma.41SLSP_UGE:991000782859705502</identifier><datestamp>2024-11-01T01:16:07Z</datestamp><setSpec>uge_bcen_RapidILL_BOOK</setSpec><setSpec>uge_aaca_RapidILL_BOOK</setSpec><setSpec>uge_abels_RapidILL_BOOK</setSpec><setSpec>uge_dbu_RapidILL_BOOK</setSpec><setSpec>uge_cmu_RapidILL_BOOK</setSpec><setSpec>uge_mail_RapidILL_BOOK</setSpec><setSpec>uge_abbat_RapidILL_BOOK</setSpec><setSpec>UNIGE_ALL</setSpec><setSpec>uge_acar_RapidILL_BOOK</setSpec><setSpec>uge_aobs_RapidILL_BOOK</setSpec></header><metadata>
<record xmlns="http://www.loc.gov/MARC21/slim" xmlns:xsi="http://www.w3.org/2001/XMLSchema-instance" xsi:schemaLocation="http://www.loc.gov/MARC21/slim http://www.loc.gov/standards/marcxml/schema/MARC21slim.xsd"><leader>01667nam a2200349 c 4500</leader><controlfield tag="001">991000782859705502</controlfield><controlfield tag="005">20241031210718.0</controlfield><controlfield tag="008">000911s1821    fr ||||| |||| 00| ||fre d</controlfield><datafield ind1=" " ind2=" " tag="035"><subfield code="a">(swissbib)081736665-41slsp_network</subfield></datafield><datafield ind1=" " ind2=" " tag="035"><subfield code="a">081736665</subfield><subfield code="9">ExL</subfield></datafield><datafield ind1=" " ind2=" " tag="035"><subfield code="a">(RERO)0839556-41slsp</subfield></datafield><datafield ind1=" " ind2=" " tag="035"><subfield code="a">(EXLNZ-41SLSP_NETWORK)991064651979705501</subfield></datafield><datafield ind1=" " ind2=" " tag="040"><subfield code="a">RERO geudbu</subfield><subfield code="d">CH-ZuSLS</subfield></datafield><datafield ind1=" " ind2="7" tag="072"><subfield code="a">ht</subfield><subfield code="2">rero</subfield></datafield><datafield ind1="1" ind2=" " tag="100"><subfield code="a">Linguet, Simon-Nicolas-Henri</subfield><subfield code="d">1736-1794</subfield><subfield code="0">(IDREF)026990806</subfield><subfield code="4">cre</subfield></datafield><datafield ind1="1" ind2="0" tag="245"><subfield code="a">Mémoires de Linguet sur la Bastille et de Dusaulx sur le 14 juillet</subfield><subfield code="c">avec des notices, des notes et des éclaircissements historiques par MM. Berville et Barrière</subfield></datafield><datafield ind1=" " ind2="1" tag="264"><subfield code="a">Paris</subfield><subfield code="b">Baudouin</subfield><subfield code="c">1821</subfield></datafield><datafield ind1=" " ind2=" " tag="300"><subfield code="a">XL, 470 p.</subfield><subfield code="c">21 cm</subfield></datafield><datafield ind1=" " ind2=" " tag="336"><subfield code="b">txt</subfield><subfield code="2">rdacontent</subfield></datafield><datafield ind1=" " ind2=" " tag="337"><subfield code="b">n</subfield><subfield code="2">rdamedia</subfield></datafield><datafield ind1=" " ind2=" " tag="338"><subfield code="b">nc</subfield><subfield code="2">rdacarrier</subfield></datafield><datafield ind1="1" ind2=" " tag="490"><subfield code="a">Collection des mémoires relatifs à la Révolution française</subfield></datafield><datafield ind1=" " ind2=" " tag="500"><subfield code="a">Les mémoires de Dusaulx portent aussi le titre : De l'insurrection parisienne et de la prise de la Bastille</subfield></datafield><datafield ind1="1" ind2=" " tag="700"><subfield code="a">Barrière, François</subfield><subfield code="d">1786-1868</subfield><subfield code="0">(IDREF)026706849</subfield></datafield><datafield ind1="1" ind2=" " tag="700"><subfield code="a">Berville, Albin de</subfield><subfield code="d">1788-1868</subfield><subfield code="0">(IDREF)034494367</subfield></datafield><datafield ind1="1" ind2="2" tag="700"><subfield code="a">Dusaulx, Jean</subfield><subfield code="t">Mémoires</subfield></datafield><datafield ind1="1" ind2="2" tag="700"><subfield code="a">Dusaulx, Jean</subfield><subfield code="t">De l'insurrection parisienne et de la prise de la Bastille</subfield></datafield><datafield ind1="1" ind2="2" tag="700"><subfield code="a">Linguet, Simon-Nicolas-Henri</subfield><subfield code="t">Mémoires</subfield></datafield><datafield ind1="1" ind2=" " tag="700"><subfield code="a">Dusaulx, Jean</subfield></datafield><datafield ind1="0" ind2="8" tag="776"><subfield code="i">Publié également comme</subfield><subfield code="n">édition en ligne</subfield><subfield code="t">Mémoires de Linguet sur la Bastille et de Dusaulx sur le 14 juillet</subfield><subfield code="w">991171973139305501</subfield></datafield><datafield ind1=" " ind2=" " tag="830"><subfield code="a">Collection des mémoires relatifs à la Révolution française</subfield><subfield code="w">(RERO)R009035278-41slsp</subfield></datafield><datafield ind1="4" ind2="1" tag="856"><subfield code="u">http://books.google.ch/books?vid=BCULVD2184830</subfield><subfield code="z">Googlos 2007-2009</subfield></datafield><datafield ind1=" " ind2=" " tag="900"><subfield code="a">REROswissbibnomerge</subfield></datafield></record>
</metadata></record>