<record><header><identifier>oai:alma.41SLSP_UGE:991000782839705502</identifier><datestamp>2023-03-01T01:09:43Z</datestamp><setSpec>uge_bcen_RapidILL_BOOK</setSpec><setSpec>uge_aaca_RapidILL_BOOK</setSpec><setSpec>uge_abels_RapidILL_BOOK</setSpec><setSpec>uge_dbu_RapidILL_BOOK</setSpec><setSpec>uge_cmu_RapidILL_BOOK</setSpec><setSpec>uge_mail_RapidILL_BOOK</setSpec><setSpec>UNIGE_ALL</setSpec><setSpec>uge_abbat_RapidILL_BOOK</setSpec><setSpec>uge_aobs_RapidILL_BOOK</setSpec><setSpec>uge_acar_RapidILL_BOOK</setSpec></header><metadata>
<record xmlns="http://www.loc.gov/MARC21/slim" xmlns:xsi="http://www.w3.org/2001/XMLSchema-instance" xsi:schemaLocation="http://www.loc.gov/MARC21/slim http://www.loc.gov/standards/marcxml/schema/MARC21slim.xsd"><leader>01468nam a2200337 c 4500</leader><controlfield tag="001">991000782839705502</controlfield><controlfield tag="005">20211109214433.0</controlfield><controlfield tag="008">201011r19941847be            00| | lat|d</controlfield><datafield ind1=" " ind2=" " tag="035"><subfield code="a">(swissbib)228439833-41slsp_network</subfield></datafield><datafield ind1=" " ind2=" " tag="035"><subfield code="a">228439833</subfield><subfield code="9">ExL</subfield></datafield><datafield ind1=" " ind2=" " tag="035"><subfield code="a">(IDSBB)006114833DSV01</subfield></datafield><datafield ind1=" " ind2=" " tag="035"><subfield code="a">(RERO)R004516008-41slsp</subfield></datafield><datafield ind1=" " ind2=" " tag="035"><subfield code="a">(EXLNZ-41SLSP_NETWORK)991153426809705501</subfield></datafield><datafield ind1=" " ind2=" " tag="040"><subfield code="a">RERO gefoha</subfield><subfield code="e">kids</subfield><subfield code="d">CH-ZuSLS</subfield></datafield><datafield ind1=" " ind2="7" tag="072"><subfield code="a">ph</subfield><subfield code="2">rero</subfield></datafield><datafield ind1=" " ind2="7" tag="072"><subfield code="a">th</subfield><subfield code="2">rero</subfield></datafield><datafield ind1="0" ind2=" " tag="100"><subfield code="a">Benedikt</subfield><subfield code="c">Montecassino, Abt, Heiliger</subfield><subfield code="d">480-547</subfield><subfield code="0">(DE-588)118508911</subfield><subfield code="6">880-01</subfield></datafield><datafield ind1="0" ind2=" " tag="880"><subfield code="6">100-01</subfield><subfield code="a">Benoît</subfield><subfield code="c">saint</subfield><subfield code="d">048.?-0547?</subfield><subfield code="0">(IDREF)027281264</subfield><subfield code="4">cre</subfield></datafield><datafield ind1="1" ind2="0" tag="240"><subfield code="a">Opera omnia</subfield></datafield><datafield ind1="1" ind2="0" tag="245"><subfield code="a">S. Benedicti monachorum occidentalium patris Opera omnia</subfield><subfield code="b">ex memoratissimis editionibus Martene [...] notis quoties opus fuit illustrata [...] Joannis II, Agapeti I et Sylverii summorum pontificum necnon Sancti Laurentii Novariensis Episcopi Scripta universa</subfield><subfield code="c">accurante J.-P. Migne</subfield></datafield><datafield ind1=" " ind2="1" tag="264"><subfield code="a">[Turnhout]</subfield><subfield code="b">Brepols</subfield><subfield code="c">1994</subfield></datafield><datafield ind1=" " ind2=" " tag="300"><subfield code="a">1040 col.</subfield><subfield code="c">Gr. in-8</subfield></datafield><datafield ind1=" " ind2=" " tag="336"><subfield code="b">txt</subfield><subfield code="2">rdacontent</subfield></datafield><datafield ind1=" " ind2=" " tag="337"><subfield code="b">n</subfield><subfield code="2">rdamedia</subfield></datafield><datafield ind1=" " ind2=" " tag="338"><subfield code="b">nc</subfield><subfield code="2">rdacarrier</subfield></datafield><datafield ind1="1" ind2=" " tag="490"><subfield code="a">Patrologiae cursus completus. Series Latina</subfield><subfield code="v">T. 66, Repr. 1994</subfield></datafield><datafield ind1=" " ind2=" " tag="500"><subfield code="a">En tête de la page de titre: Traditio catholica - Saeculum VI, anni 538-543</subfield></datafield><datafield ind1=" " ind2=" " tag="534"><subfield code="c">Paris, 1847</subfield></datafield><datafield ind1=" " ind2=" " tag="534"><subfield code="p">Reprod. de l'éd. de:</subfield><subfield code="c">Parisiis, 1847</subfield></datafield><datafield ind1="0" ind2="2" tag="700"><subfield code="a">Benedictus</subfield><subfield code="c">saint</subfield><subfield code="t">Opera omnia</subfield></datafield><datafield ind1=" " ind2=" " tag="830"><subfield code="a">Patrologiae cursus completus</subfield><subfield code="p">Series Latina</subfield><subfield code="v">66/1994</subfield><subfield code="w">(IDSBB)005220677DSV01</subfield></datafield><datafield ind1=" " ind2=" " tag="900"><subfield code="a">REROnoselfmerge</subfield></datafield></record>
</metadata></record>