<record><header><identifier>oai:alma.41SLSP_UGE:991000782429705502</identifier><datestamp>2024-09-28T00:14:05Z</datestamp><setSpec>uge_bcen_RapidILL_BOOK</setSpec><setSpec>uge_aaca_RapidILL_BOOK</setSpec><setSpec>uge_abels_RapidILL_BOOK</setSpec><setSpec>uge_dbu_RapidILL_BOOK</setSpec><setSpec>uge_cmu_RapidILL_BOOK</setSpec><setSpec>uge_mail_RapidILL_BOOK</setSpec><setSpec>uge_abbat_RapidILL_BOOK</setSpec><setSpec>UNIGE_ALL</setSpec><setSpec>uge_acar_RapidILL_BOOK</setSpec><setSpec>uge_aobs_RapidILL_BOOK</setSpec></header><metadata>
<record xmlns="http://www.loc.gov/MARC21/slim" xmlns:xsi="http://www.w3.org/2001/XMLSchema-instance" xsi:schemaLocation="http://www.loc.gov/MARC21/slim http://www.loc.gov/standards/marcxml/schema/MARC21slim.xsd"><leader>04007nam a22008292c 4500</leader><controlfield tag="001">991000782429705502</controlfield><controlfield tag="005">20240927122734.0</controlfield><controlfield tag="008">201011s2015    xxk||||| |||| 00| ||eng d</controlfield><datafield ind1=" " ind2=" " tag="010"><subfield code="a">2014014267</subfield></datafield><datafield ind1=" " ind2=" " tag="015"><subfield code="a">GBB4C5685</subfield><subfield code="2">bnb</subfield></datafield><datafield ind1="7" ind2=" " tag="016"><subfield code="a">016938793</subfield><subfield code="2">Uk</subfield></datafield><datafield ind1=" " ind2=" " tag="020"><subfield code="a">019998879X</subfield><subfield code="q">hbk.</subfield></datafield><datafield ind1=" " ind2=" " tag="020"><subfield code="a">9780199988792</subfield><subfield code="q">hbk.</subfield></datafield><datafield ind1=" " ind2=" " tag="035"><subfield code="a">(swissbib)212711016-41slsp_network</subfield></datafield><datafield ind1=" " ind2=" " tag="035"><subfield code="a">212711016</subfield><subfield code="9">ExL</subfield></datafield><datafield ind1=" " ind2=" " tag="035"><subfield code="a">(RERO)R008027924-41slsp</subfield></datafield><datafield ind1=" " ind2=" " tag="035"><subfield code="a">(NEBIS)010184465EBI01</subfield></datafield><datafield ind1=" " ind2=" " tag="035"><subfield code="a">(IDSBB)006340121DSV01</subfield></datafield><datafield ind1=" " ind2=" " tag="035"><subfield code="a">(OCoLC)881387605</subfield></datafield><datafield ind1=" " ind2=" " tag="035"><subfield code="a">(OCoLC)896850971</subfield></datafield><datafield ind1=" " ind2=" " tag="035"><subfield code="a">(EXLNZ-41SLSP_NETWORK)991018547709705501</subfield></datafield><datafield ind1=" " ind2=" " tag="040"><subfield code="a">DLC</subfield><subfield code="d">CH-ZuSLS</subfield></datafield><datafield ind1=" " ind2=" " tag="050"><subfield code="a">Q172.5.C74</subfield><subfield code="b">R68 2015</subfield></datafield><datafield ind1=" " ind2="7" tag="072"><subfield code="a">sg</subfield><subfield code="2">rero</subfield></datafield><datafield ind1=" " ind2="7" tag="072"><subfield code="a">wf</subfield><subfield code="2">SzZuIDS BS/BE</subfield></datafield><datafield ind1=" " ind2="7" tag="072"><subfield code="a">nw</subfield><subfield code="2">SzZuIDS BS/BE</subfield></datafield><datafield ind1=" " ind2="7" tag="072"><subfield code="a">ps</subfield><subfield code="2">SzZuIDS BS/BE</subfield></datafield><datafield ind1=" " ind2="7" tag="072"><subfield code="a">sz</subfield><subfield code="2">SzZuIDS BS/BE</subfield></datafield><datafield ind1="0" ind2="4" tag="082"><subfield code="a">501/.9</subfield><subfield code="2">23</subfield></datafield><datafield ind1="1" ind2="4" tag="082"><subfield code="a">500</subfield><subfield code="2">15</subfield></datafield><datafield ind1="1" ind2="4" tag="082"><subfield code="a">000</subfield><subfield code="2">15</subfield></datafield><datafield ind1="1" ind2="4" tag="082"><subfield code="a">150</subfield><subfield code="2">15</subfield></datafield><datafield ind1="1" ind2="4" tag="082"><subfield code="a">300</subfield><subfield code="2">15</subfield></datafield><datafield ind1="1" ind2=" " tag="100"><subfield code="a">Rothenberg, Albert</subfield><subfield code="d">1930-....</subfield><subfield code="0">(IDREF)07018299X</subfield><subfield code="4">cre</subfield></datafield><datafield ind1="1" ind2="0" tag="245"><subfield code="a">Flight from wonder</subfield><subfield code="b">an investigation of scientific creativity</subfield><subfield code="c">Albert Rothenberg</subfield></datafield><datafield ind1=" " ind2="1" tag="264"><subfield code="a">Oxford</subfield><subfield code="a">New York</subfield><subfield code="b">Oxford University Press</subfield><subfield code="c">[2015]</subfield></datafield><datafield ind1=" " ind2=" " tag="300"><subfield code="a">221 p.</subfield></datafield><datafield ind1=" " ind2=" " tag="336"><subfield code="b">txt</subfield><subfield code="2">rdacontent</subfield></datafield><datafield ind1=" " ind2=" " tag="337"><subfield code="b">n</subfield><subfield code="2">rdamedia</subfield></datafield><datafield ind1=" " ind2=" " tag="338"><subfield code="b">nc</subfield><subfield code="2">rdacarrier</subfield></datafield><datafield ind1=" " ind2=" " tag="504"><subfield code="a">Includes bibliographical references and index</subfield></datafield><datafield ind1="0" ind2=" " tag="505"><subfield code="a">The search for creativity -- Research on creativity : scientific and general -- Empirical background and bases for the investigation -- Janusian process -- Homospatial process -- Sep-con articulation process -- Creative emotions and motivations -- Empirical design : methodology and subjects -- Janusian process in creative discovery -- Homospatial process in creative discovery -- Sep-con articulation process in creative discovery -- Creative emotions in discovery -- Collaborative investigators -- Developmental background on creativity of genius -- Comparison control group -- Flight from wonder</subfield></datafield><datafield ind1=" " ind2="7" tag="650"><subfield code="a">Découvertes scientifiques</subfield><subfield code="0">(IDREF)027391779</subfield><subfield code="2">idref</subfield></datafield><datafield ind1=" " ind2="7" tag="650"><subfield code="a">Créativité</subfield><subfield code="0">(IDREF)027286584</subfield><subfield code="2">idref</subfield></datafield><datafield ind1=" " ind2="7" tag="650"><subfield code="a">Sciences</subfield><subfield code="0">(IDREF)027248275</subfield><subfield code="2">idref</subfield></datafield><datafield ind1=" " ind2="7" tag="650"><subfield code="a">Naturwissenschaften</subfield><subfield code="0">(DE-588)4041421-8</subfield><subfield code="2">gnd</subfield></datafield><datafield ind1=" " ind2="7" tag="650"><subfield code="a">Kreatives Denken</subfield><subfield code="0">(DE-588)4165549-7</subfield><subfield code="2">gnd</subfield></datafield><datafield ind1=" " ind2="7" tag="650"><subfield code="a">DENKEN + VORSTELLEN (PSYCHOLOGIE)</subfield><subfield code="9">ger</subfield><subfield code="0">(ETHUDK)000009574</subfield><subfield code="2">ethudk</subfield></datafield><datafield ind1=" " ind2="7" tag="650"><subfield code="a">KREATIVITÄT (PSYCHOLOGIE)</subfield><subfield code="9">ger</subfield><subfield code="0">(ETHUDK)000009573</subfield><subfield code="2">ethudk</subfield></datafield><datafield ind1=" " ind2="7" tag="650"><subfield code="a">NATURWISSENSCHAFTEN/ALLGEMEIN</subfield><subfield code="9">ger</subfield><subfield code="0">(ETHUDK)000012372</subfield><subfield code="2">ethudk</subfield></datafield><datafield ind1=" " ind2="7" tag="650"><subfield code="a">NATURWISSENSCHAFTLER, NATURWISSENSCHAFTLERINNEN</subfield><subfield code="9">ger</subfield><subfield code="0">(ETHUDK)000012371</subfield><subfield code="2">ethudk</subfield></datafield><datafield ind1=" " ind2="7" tag="650"><subfield code="a">TECHNOLOGISCHE UND WISSENSCHAFTLICHE INNOVATIONEN</subfield><subfield code="9">ger</subfield><subfield code="0">(ETHUDK)000009017</subfield><subfield code="2">ethudk</subfield></datafield><datafield ind1=" " ind2="7" tag="650"><subfield code="a">WISSENSCHAFTLER UND WISSENSCHAFTLERINNEN</subfield><subfield code="9">ger</subfield><subfield code="0">(ETHUDK)000046436</subfield><subfield code="2">ethudk</subfield></datafield><datafield ind1=" " ind2="7" tag="650"><subfield code="a">WISSENSCHAFTLICHE ENTDECKUNGEN</subfield><subfield code="9">ger</subfield><subfield code="0">(ETHUDK)000063510</subfield><subfield code="2">ethudk</subfield></datafield><datafield ind1=" " ind2="7" tag="650"><subfield code="a">WISSENSCHAFTLICHE FORSCHUNG</subfield><subfield code="9">ger</subfield><subfield code="0">(ETHUDK)000009007</subfield><subfield code="2">ethudk</subfield></datafield><datafield ind1=" " ind2="0" tag="650"><subfield code="a">Creative ability</subfield></datafield><datafield ind1=" " ind2="0" tag="650"><subfield code="a">Creative ability in science</subfield></datafield><datafield ind1=" " ind2="0" tag="650"><subfield code="a">Critical thinking</subfield></datafield><datafield ind1=" " ind2="0" tag="650"><subfield code="a">Discoveries in science</subfield></datafield><datafield ind1=" " ind2="7" tag="650"><subfield code="a">Kreativität</subfield><subfield code="0">(DE-588)4032903-3</subfield><subfield code="2">gnd</subfield></datafield><datafield ind1=" " ind2="7" tag="650"><subfield code="a">Kritisches Denken</subfield><subfield code="0">(DE-588)4231288-7</subfield><subfield code="2">gnd</subfield></datafield><datafield ind1=" " ind2="7" tag="650"><subfield code="a">Wissenschaftler</subfield><subfield code="0">(DE-588)4066567-7</subfield><subfield code="2">gnd</subfield></datafield><datafield ind1=" " ind2="7" tag="650"><subfield code="a">Entdeckung</subfield><subfield code="0">(DE-588)4014841-5</subfield><subfield code="2">gnd</subfield></datafield><datafield ind1=" " ind2="7" tag="650"><subfield code="a">Wissenschaft</subfield><subfield code="0">(DE-588)4066562-8</subfield><subfield code="2">gnd</subfield></datafield><datafield ind1=" " ind2="7" tag="650"><subfield code="a">Forschung</subfield><subfield code="0">(DE-588)4017894-8</subfield><subfield code="2">gnd</subfield></datafield><datafield ind1="4" ind2=" " tag="856"><subfield code="3">Titelblatt und Inhaltsverzeichnis</subfield><subfield code="u">https://toc.library.ethz.ch/objects/pdf03/z01_978-0-19-998879-2_01.pdf</subfield><subfield code="q">pdf</subfield></datafield><datafield ind1="4" ind2=" " tag="856"><subfield code="3">Abstract / Autoreninformation</subfield><subfield code="u">https://toc.library.ethz.ch/objects/pdf03/e01_978-0-19-998879-2_02.pdf</subfield><subfield code="q">pdf</subfield></datafield><datafield ind1=" " ind2=" " tag="900"><subfield code="a">REROnoselfmerge</subfield></datafield><datafield ind1=" " ind2=" " tag="900"><subfield code="a">IDSZ2zbzmon201501f</subfield><subfield code="c">IDSZ2lire</subfield><subfield code="d">IDSZ2zbzswk201502b</subfield><subfield code="e">IDSZ2tschu</subfield></datafield><datafield ind1=" " ind2=" " tag="910"><subfield code="a">OCoLC</subfield><subfield code="b">20141219</subfield><subfield code="c">Droits réservés</subfield></datafield><datafield ind1=" " ind2=" " tag="911"><subfield code="a">100</subfield><subfield code="a">Rothenberg, Albert</subfield><subfield code="d">1930-</subfield></datafield><datafield ind1=" " ind2=" " tag="949"><subfield code="a">https://toc.library.ethz.ch/objects/pdf03/z01_978-0-19-998879-2_01.pdf</subfield></datafield><datafield ind1=" " ind2=" " tag="949"><subfield code="a">https://toc.library.ethz.ch/objects/pdf03/e01_978-0-19-998879-2_02.pdf</subfield></datafield></record>
</metadata></record>