<record><header><identifier>oai:alma.41SLSP_UGE:991000782639705502</identifier><datestamp>2024-03-09T01:35:01Z</datestamp><setSpec>UNIGE_ALL</setSpec></header><metadata>
<record xmlns="http://www.loc.gov/MARC21/slim" xmlns:xsi="http://www.w3.org/2001/XMLSchema-instance" xsi:schemaLocation="http://www.loc.gov/MARC21/slim http://www.loc.gov/standards/marcxml/schema/MARC21slim.xsd"><leader>03678ngm a2200913 c 4500</leader><controlfield tag="001">991000782639705502</controlfield><controlfield tag="005">20240308231346.0</controlfield><controlfield tag="007">vd |v||||</controlfield><controlfield tag="008">201012s2012    sz ||| |          v|ara d</controlfield><datafield ind1=" " ind2=" " tag="019"><subfield code="a">Nicht visioniert</subfield><subfield code="5">NEBIS/ZBZ</subfield></datafield><datafield ind1=" " ind2=" " tag="019"><subfield code="a">Datenimport aus BIBDIA ZB Solothurn</subfield><subfield code="5">IDSBB/09.01.2019/A150/bmt</subfield></datafield><datafield ind1="3" ind2=" " tag="024"><subfield code="a">7640117982177</subfield></datafield><datafield ind1=" " ind2=" " tag="035"><subfield code="a">(swissbib)240655095-41slsp_network</subfield></datafield><datafield ind1=" " ind2=" " tag="035"><subfield code="a">240655095</subfield><subfield code="9">ExL</subfield></datafield><datafield ind1=" " ind2=" " tag="035"><subfield code="a">(RERO)R007009627-41slsp</subfield></datafield><datafield ind1=" " ind2=" " tag="035"><subfield code="a">(NEBIS)007178575EBI01</subfield></datafield><datafield ind1=" " ind2=" " tag="035"><subfield code="a">(IDSBB)006255732DSV01</subfield></datafield><datafield ind1=" " ind2=" " tag="035"><subfield code="a">(IDSBB)007004827DSV01</subfield></datafield><datafield ind1=" " ind2=" " tag="035"><subfield code="a">(ABN)000668553ABN01</subfield></datafield><datafield ind1=" " ind2=" " tag="035"><subfield code="a">(ALEX)bv9926013638401791</subfield></datafield><datafield ind1=" " ind2=" " tag="035"><subfield code="a">(EXLNZ-41SLSP_NETWORK)991018151859705501</subfield></datafield><datafield ind1=" " ind2=" " tag="040"><subfield code="a">RERO labcur</subfield><subfield code="d">CH-ZuSLS</subfield></datafield><datafield ind1="0" ind2=" " tag="041"><subfield code="a">ara</subfield><subfield code="a">ger</subfield><subfield code="a">fre</subfield></datafield><datafield ind1=" " ind2=" " tag="044"><subfield code="a">sz</subfield><subfield code="c">ch-ag</subfield></datafield><datafield ind1=" " ind2="7" tag="072"><subfield code="a">ba</subfield><subfield code="2">rero</subfield></datafield><datafield ind1=" " ind2="7" tag="072"><subfield code="a">fm</subfield><subfield code="2">SzZuIDS BS/BE</subfield></datafield><datafield ind1=" " ind2="7" tag="072"><subfield code="a">ap</subfield><subfield code="2">SzZuIDS BS/BE</subfield></datafield><datafield ind1="1" ind2="4" tag="082"><subfield code="a">791</subfield><subfield code="2">15</subfield></datafield><datafield ind1=" " ind2=" " tag="084"><subfield code="a">B</subfield><subfield code="2">sdnb</subfield></datafield><datafield ind1="0" ind2="0" tag="245"><subfield code="a">&lt;&lt;Die&gt;&gt; Erde</subfield><subfield code="b">= La terre = Al-ard</subfield><subfield code="c">réal. Youssef Chahine ; scénario Hassan Fuad ; d'après le roman d'Abderrahman Charkawi ; musique Ali Ismail</subfield></datafield><datafield ind1="1" ind2=" " tag="246"><subfield code="a">Terre</subfield></datafield><datafield ind1="1" ind2=" " tag="246"><subfield code="a">Ard</subfield></datafield><datafield ind1="1" ind2="1" tag="246"><subfield code="a">&lt;&lt;La&gt;&gt; terre</subfield></datafield><datafield ind1="1" ind2="1" tag="246"><subfield code="a">Al-ard</subfield></datafield><datafield ind1=" " ind2="1" tag="264"><subfield code="a">Ennetbaden</subfield><subfield code="b">Trigon-Films</subfield><subfield code="c">2012</subfield></datafield><datafield ind1=" " ind2=" " tag="300"><subfield code="a">1 DVD-Video (130 Min.)</subfield><subfield code="e">1 Beiblatt</subfield></datafield><datafield ind1=" " ind2=" " tag="336"><subfield code="b">tdi</subfield><subfield code="2">rdacontent</subfield></datafield><datafield ind1=" " ind2=" " tag="337"><subfield code="b">v</subfield><subfield code="2">rdamedia</subfield></datafield><datafield ind1=" " ind2=" " tag="338"><subfield code="b">vd</subfield><subfield code="2">rdacarrier</subfield></datafield><datafield ind1="1" ind2=" " tag="490"><subfield code="a">Trigon-Film DVD-Edition</subfield><subfield code="v">217</subfield></datafield><datafield ind1=" " ind2=" " tag="500"><subfield code="a">Langue: arabe. Sous-titres: allemand, français</subfield></datafield><datafield ind1=" " ind2=" " tag="500"><subfield code="a">Une prod. : Egypte, 1969</subfield></datafield><datafield ind1=" " ind2=" " tag="500"><subfield code="a">Inkl. Extras</subfield></datafield><datafield ind1=" " ind2=" " tag="500"><subfield code="a">Film urspr. produziert 1969</subfield></datafield><datafield ind1=" " ind2=" " tag="500"><subfield code="a">Sprache: Arabisch mit dt. und franz. Untertiteln</subfield></datafield><datafield ind1=" " ind2=" " tag="500"><subfield code="a">Originaltitel: al-Arḍ</subfield></datafield><datafield ind1=" " ind2=" " tag="500"><subfield code="a">Produktionsjahr: 1969</subfield></datafield><datafield ind1=" " ind2=" " tag="500"><subfield code="a">Ländercode 0</subfield></datafield><datafield ind1="0" ind2=" " tag="511"><subfield code="a">Schauspieler: Hamdy Ahmed, Mohammad Effendi, Yehia Chahine ... [et al.]</subfield></datafield><datafield ind1="0" ind2=" " tag="511"><subfield code="a">Hamdy Ahmed ; Yehia Chahine ; Ezzat El Alaili ... et al.</subfield></datafield><datafield ind1="8" ind2=" " tag="520"><subfield code="a">&quot;En Egypte, dans les années 30, sous une monarchie dominée par la tutelle britannique, &quot;La Terre&quot; traite des revendications indépendantistes, de la répression qui en découle, du mépris des élites envers le peuple, de conflit entre les paysans d'un village du delta du Nil et un potentat local qui met main basse sur l'irrigation des terres.&quot;</subfield><subfield code="5">RERO/geumem/10.2012</subfield></datafield><datafield ind1=" " ind2=" " tag="538"><subfield code="a">Ländercode: alle Regionen</subfield></datafield><datafield ind1=" " ind2=" " tag="546"><subfield code="a">Deutsch, Französisch</subfield></datafield><datafield ind1=" " ind2=" " tag="546"><subfield code="a">Arabisch</subfield></datafield><datafield ind1=" " ind2="7" tag="650"><subfield code="a">Afrika</subfield><subfield code="9">ger</subfield><subfield code="0">(TWSE)164</subfield><subfield code="2">twse</subfield></datafield><datafield ind1=" " ind2="7" tag="650"><subfield code="a">Agrarreform</subfield><subfield code="9">ger</subfield><subfield code="0">(TWSE)199</subfield><subfield code="2">twse</subfield></datafield><datafield ind1=" " ind2="7" tag="650"><subfield code="a">Ägypten</subfield><subfield code="9">ger</subfield><subfield code="0">(TWSE)215</subfield><subfield code="2">twse</subfield></datafield><datafield ind1=" " ind2="7" tag="650"><subfield code="a">Audiovisuelle Medien</subfield><subfield code="9">ger</subfield><subfield code="0">(TWSE)378</subfield><subfield code="2">twse</subfield></datafield><datafield ind1=" " ind2="7" tag="650"><subfield code="a">Bauernbewegung</subfield><subfield code="9">ger</subfield><subfield code="0">(TWSE)468</subfield><subfield code="2">twse</subfield></datafield><datafield ind1=" " ind2="7" tag="650"><subfield code="a">Geschichte</subfield><subfield code="9">ger</subfield><subfield code="0">(TWSE)1383</subfield><subfield code="2">twse</subfield></datafield><datafield ind1=" " ind2="7" tag="650"><subfield code="a">Nordafrika</subfield><subfield code="9">ger</subfield><subfield code="0">(TWSE)2546</subfield><subfield code="2">twse</subfield></datafield><datafield ind1=" " ind2="7" tag="650"><subfield code="a">Politik</subfield><subfield code="9">ger</subfield><subfield code="0">(TWSE)2779</subfield><subfield code="2">twse</subfield></datafield><datafield ind1=" " ind2="7" tag="650"><subfield code="a">Revolution</subfield><subfield code="9">ger</subfield><subfield code="0">(TWSE)2996</subfield><subfield code="2">twse</subfield></datafield><datafield ind1=" " ind2="7" tag="650"><subfield code="a">Sozialer Konflikt</subfield><subfield code="9">ger</subfield><subfield code="0">(TWSE)3230</subfield><subfield code="2">twse</subfield></datafield><datafield ind1=" " ind2="7" tag="650"><subfield code="a">Unterdrückung</subfield><subfield code="9">ger</subfield><subfield code="0">(TWSE)3659</subfield><subfield code="2">twse</subfield></datafield><datafield ind1=" " ind2="7" tag="655"><subfield code="a">DVD-Video</subfield><subfield code="2">gnd-carrier</subfield></datafield><datafield ind1=" " ind2="7" tag="655"><subfield code="a">DVD</subfield><subfield code="0">(IDREF)035108444</subfield><subfield code="2">idref</subfield></datafield><datafield ind1=" " ind2="7" tag="655"><subfield code="a">Films de fiction</subfield><subfield code="0">(IDREF)14779644X</subfield><subfield code="2">idref</subfield></datafield><datafield ind1="1" ind2=" " tag="700"><subfield code="a">Chahine, Yehia</subfield><subfield code="d">1917-1994</subfield><subfield code="0">(DE-588)1089577400</subfield></datafield><datafield ind1="1" ind2=" " tag="700"><subfield code="a">Chahine, Yehia</subfield></datafield><datafield ind1="1" ind2=" " tag="700"><subfield code="a">Effendi, Mohammad</subfield></datafield><datafield ind1="1" ind2=" " tag="700"><subfield code="a">Ismail, Ali</subfield></datafield><datafield ind1="1" ind2=" " tag="700"><subfield code="a">Šāhīn, Yūsuf</subfield><subfield code="d">1926-2008</subfield><subfield code="0">(DE-588)123318599</subfield></datafield><datafield ind1="1" ind2=" " tag="700"><subfield code="a">Ahmed, Hamdy</subfield></datafield><datafield ind1="1" ind2=" " tag="700"><subfield code="a">Charkawi, Abderrahman</subfield></datafield><datafield ind1="1" ind2=" " tag="700"><subfield code="a">Shāhīn, Yūsuf</subfield><subfield code="0">(RERO)A000033827</subfield></datafield><datafield ind1="1" ind2=" " tag="700"><subfield code="a">Šarqawi, ʿAbd al-Raḥmān al-</subfield><subfield code="d">1920-1987</subfield><subfield code="0">(IDREF)076729265</subfield></datafield><datafield ind1="1" ind2=" " tag="700"><subfield code="a">Fuad, Hassan</subfield><subfield code="0">(RERO)A020430003</subfield></datafield><datafield ind1=" " ind2="0" tag="830"><subfield code="a">Trigon-Film DVD-Edition</subfield><subfield code="v">217</subfield><subfield code="w">(RERO)R003126707-41slsp</subfield></datafield><datafield ind1=" " ind2=" " tag="900"><subfield code="a">IDSZ2zbzvid201204e</subfield><subfield code="c">IDSZ2tobt</subfield></datafield></record>
</metadata></record>