<record><header><identifier>oai:alma.41SLSP_UGE:991000782009705502</identifier><datestamp>2024-03-15T01:27:40Z</datestamp><setSpec>uge_bcen_RapidILL_BOOK</setSpec><setSpec>uge_aaca_RapidILL_BOOK</setSpec><setSpec>uge_abels_RapidILL_BOOK</setSpec><setSpec>uge_dbu_RapidILL_BOOK</setSpec><setSpec>uge_cmu_RapidILL_BOOK</setSpec><setSpec>uge_mail_RapidILL_BOOK</setSpec><setSpec>uge_abbat_RapidILL_BOOK</setSpec><setSpec>UNIGE_ALL</setSpec><setSpec>uge_aobs_RapidILL_BOOK</setSpec><setSpec>uge_acar_RapidILL_BOOK</setSpec></header><metadata>
<record xmlns="http://www.loc.gov/MARC21/slim" xmlns:xsi="http://www.w3.org/2001/XMLSchema-instance" xsi:schemaLocation="http://www.loc.gov/MARC21/slim http://www.loc.gov/standards/marcxml/schema/MARC21slim.xsd"><leader>00852nam a2200253 ca4500</leader><controlfield tag="001">991000782009705502</controlfield><controlfield tag="005">20240314055918.0</controlfield><controlfield tag="008">000915s1976    fr ||||| |||| 00| ||fre d</controlfield><datafield ind1=" " ind2=" " tag="019"><subfield code="a">Übergeordnete Aufnahme = Niveau supérieur = Livello superiore</subfield><subfield code="5">SLSP/2020</subfield></datafield><datafield ind1=" " ind2=" " tag="035"><subfield code="a">(swissbib)083596380-41slsp_network</subfield></datafield><datafield ind1=" " ind2=" " tag="035"><subfield code="a">083596380</subfield><subfield code="9">ExL</subfield></datafield><datafield ind1=" " ind2=" " tag="035"><subfield code="a">(RERO)1089714-41slsp</subfield></datafield><datafield ind1=" " ind2=" " tag="035"><subfield code="a">(EXLNZ-41SLSP_NETWORK)991155129589705501</subfield></datafield><datafield ind1=" " ind2=" " tag="040"><subfield code="a">RERO labcur</subfield><subfield code="d">CH-ZuSLS</subfield></datafield><datafield ind1=" " ind2="7" tag="072"><subfield code="a">ps</subfield><subfield code="2">rero</subfield></datafield><datafield ind1="1" ind2=" " tag="100"><subfield code="a">Marty, Pierre</subfield><subfield code="d">1918-1993</subfield><subfield code="0">(RERO)A016590311</subfield><subfield code="4">cre</subfield></datafield><datafield ind1="1" ind2="0" tag="245"><subfield code="a">&lt;&lt;Les&gt;&gt; mouvements individuels de vie et de mort</subfield><subfield code="c">Pierre Marty</subfield></datafield><datafield ind1=" " ind2="1" tag="264"><subfield code="a">Paris</subfield><subfield code="b">Payot</subfield><subfield code="c">1976</subfield></datafield><datafield ind1=" " ind2=" " tag="300"><subfield code="a">2 vol.</subfield><subfield code="c">23 cm</subfield></datafield><datafield ind1=" " ind2=" " tag="336"><subfield code="b">txt</subfield><subfield code="2">rdacontent</subfield></datafield><datafield ind1=" " ind2=" " tag="337"><subfield code="b">n</subfield><subfield code="2">rdamedia</subfield></datafield><datafield ind1=" " ind2=" " tag="338"><subfield code="b">nc</subfield><subfield code="2">rdacarrier</subfield></datafield><datafield ind1="1" ind2=" " tag="490"><subfield code="a">Science de l'homme</subfield></datafield><datafield ind1=" " ind2=" " tag="830"><subfield code="a">Collection science de l'homme</subfield><subfield code="w">(RERO)0000943-41slsp</subfield></datafield><datafield ind1=" " ind2=" " tag="900"><subfield code="a">REROnoselfmerge</subfield></datafield></record>
</metadata></record>