<record><header><identifier>oai:alma.41SLSP_UGE:991000782219705502</identifier><datestamp>2023-06-04T00:51:25Z</datestamp><setSpec>uge_bcen_RapidILL_BOOK</setSpec><setSpec>uge_aaca_RapidILL_BOOK</setSpec><setSpec>uge_abels_RapidILL_BOOK</setSpec><setSpec>uge_dbu_RapidILL_BOOK</setSpec><setSpec>uge_cmu_RapidILL_BOOK</setSpec><setSpec>uge_mail_RapidILL_BOOK</setSpec><setSpec>uge_abbat_RapidILL_BOOK</setSpec><setSpec>UNIGE_ALL</setSpec><setSpec>uge_acar_RapidILL_BOOK</setSpec><setSpec>uge_aobs_RapidILL_BOOK</setSpec></header><metadata>
<record xmlns="http://www.loc.gov/MARC21/slim" xmlns:xsi="http://www.w3.org/2001/XMLSchema-instance" xsi:schemaLocation="http://www.loc.gov/MARC21/slim http://www.loc.gov/standards/marcxml/schema/MARC21slim.xsd"><leader>01253nam a2200337 c 4500</leader><controlfield tag="001">991000782219705502</controlfield><controlfield tag="005">20230302192133.0</controlfield><controlfield tag="008">120813s2011    fr ||||| |||| 00| ||fre d</controlfield><datafield ind1=" " ind2=" " tag="020"><subfield code="a">9782919436026</subfield><subfield code="q">rel.</subfield><subfield code="c">25 EUR</subfield></datafield><datafield ind1="7" ind2=" " tag="024"><subfield code="a">http://catalogue.bnf.fr/ark:/12148/cb42521245s</subfield><subfield code="2">uri</subfield></datafield><datafield ind1=" " ind2=" " tag="035"><subfield code="a">(swissbib)116268093-41slsp_network</subfield></datafield><datafield ind1=" " ind2=" " tag="035"><subfield code="a">116268093</subfield><subfield code="9">ExL</subfield></datafield><datafield ind1=" " ind2=" " tag="035"><subfield code="a">(RERO)R007119678-41slsp</subfield></datafield><datafield ind1=" " ind2=" " tag="035"><subfield code="a">(EXLNZ-41SLSP_NETWORK)991093512059705501</subfield></datafield><datafield ind1=" " ind2=" " tag="040"><subfield code="a">FRBNF</subfield><subfield code="d">CH-ZuSLS</subfield></datafield><datafield ind1=" " ind2="7" tag="072"><subfield code="a">ss</subfield><subfield code="2">rero</subfield></datafield><datafield ind1="0" ind2="0" tag="082"><subfield code="a">779.930 590691</subfield></datafield><datafield ind1="1" ind2=" " tag="100"><subfield code="a">Magkriṓtīs, Stéfanos</subfield><subfield code="d">1984-....</subfield><subfield code="0">(IDREF)164284265</subfield><subfield code="4">cre</subfield></datafield><datafield ind1="1" ind2="0" tag="245"><subfield code="a">Europa inch'Allah</subfield><subfield code="c">photographies, Stéphanos Mangriotis ; postface, Laurence Pillant</subfield></datafield><datafield ind1=" " ind2="1" tag="264"><subfield code="a">Marseille</subfield><subfield code="b">Images plurielles éd.</subfield><subfield code="c">DL 2011</subfield></datafield><datafield ind1=" " ind2=" " tag="300"><subfield code="a">1 vol. (105 p.)</subfield><subfield code="b">nombreuses ill., carte, couv. ill.</subfield><subfield code="c">23 cm</subfield></datafield><datafield ind1=" " ind2=" " tag="336"><subfield code="b">txt</subfield><subfield code="2">rdacontent</subfield></datafield><datafield ind1=" " ind2=" " tag="337"><subfield code="b">n</subfield><subfield code="2">rdamedia</subfield></datafield><datafield ind1=" " ind2=" " tag="338"><subfield code="b">nc</subfield><subfield code="2">rdacarrier</subfield></datafield><datafield ind1="0" ind2=" " tag="490"><subfield code="a">Collection Librement</subfield></datafield><datafield ind1=" " ind2=" " tag="504"><subfield code="a">Notes bibliogr</subfield></datafield><datafield ind1=" " ind2="7" tag="650"><subfield code="a">Immigrés clandestins</subfield><subfield code="0">(IDREF)027616509</subfield><subfield code="2">idref</subfield></datafield><datafield ind1=" " ind2="7" tag="651"><subfield code="a">Patras (Grèce)</subfield><subfield code="0">(RERO)A010181413</subfield><subfield code="2">rero</subfield></datafield><datafield ind1=" " ind2="7" tag="655"><subfield code="a">Photographie</subfield><subfield code="0">(IDREF)028224248</subfield><subfield code="2">idref</subfield></datafield><datafield ind1="1" ind2=" " tag="700"><subfield code="a">Pillant, Laurence</subfield><subfield code="d">1985-....</subfield><subfield code="0">(IDREF)164284273</subfield></datafield><datafield ind1=" " ind2=" " tag="900"><subfield code="a">REROnoselfmerge</subfield></datafield><datafield ind1=" " ind2=" " tag="910"><subfield code="a">BNF</subfield><subfield code="b">20120813</subfield><subfield code="c">Droits réservés</subfield></datafield><datafield ind1=" " ind2=" " tag="961"><subfield code="2">gsi</subfield><subfield code="a">325</subfield><subfield code="9">LOCAL</subfield></datafield></record>
</metadata></record>