<record><header><identifier>oai:alma.41SLSP_UGE:991000782739705502</identifier><datestamp>2024-09-28T00:27:25Z</datestamp><setSpec>uge_bcen_RapidILL_BOOK</setSpec><setSpec>uge_aaca_RapidILL_BOOK</setSpec><setSpec>uge_abels_RapidILL_BOOK</setSpec><setSpec>uge_dbu_RapidILL_BOOK</setSpec><setSpec>uge_cmu_RapidILL_BOOK</setSpec><setSpec>uge_mail_RapidILL_BOOK</setSpec><setSpec>uge_abbat_RapidILL_BOOK</setSpec><setSpec>UNIGE_ALL</setSpec><setSpec>uge_aobs_RapidILL_BOOK</setSpec><setSpec>uge_acar_RapidILL_BOOK</setSpec></header><metadata>
<record xmlns="http://www.loc.gov/MARC21/slim" xmlns:xsi="http://www.w3.org/2001/XMLSchema-instance" xsi:schemaLocation="http://www.loc.gov/MARC21/slim http://www.loc.gov/standards/marcxml/schema/MARC21slim.xsd"><leader>01136nam a2200337 c 4500</leader><controlfield tag="001">991000782739705502</controlfield><controlfield tag="005">20240927182832.0</controlfield><controlfield tag="008">201011s1953    xxu||||| |||| 00| ||eng d</controlfield><datafield ind1=" " ind2=" " tag="035"><subfield code="a">(swissbib)23074205X-41slsp_network</subfield></datafield><datafield ind1=" " ind2=" " tag="035"><subfield code="a">23074205X</subfield><subfield code="9">ExL</subfield></datafield><datafield ind1=" " ind2=" " tag="035"><subfield code="a">(RERO)R269492960-41slsp</subfield></datafield><datafield ind1=" " ind2=" " tag="035"><subfield code="a">(IDSBB)000752847DSV01</subfield></datafield><datafield ind1=" " ind2=" " tag="035"><subfield code="a">(EXLNZ-41SLSP_NETWORK)991060576229705501</subfield></datafield><datafield ind1=" " ind2=" " tag="040"><subfield code="a">RERO lappua</subfield><subfield code="d">CH-ZuSLS</subfield></datafield><datafield ind1=" " ind2="7" tag="072"><subfield code="a">me</subfield><subfield code="2">rero</subfield></datafield><datafield ind1=" " ind2="7" tag="072"><subfield code="a">me</subfield><subfield code="2">SzZuIDS BS/BE</subfield></datafield><datafield ind1="1" ind2="4" tag="082"><subfield code="a">610</subfield><subfield code="2">15</subfield></datafield><datafield ind1="1" ind2=" " tag="100"><subfield code="a">Wolff, Harold George</subfield><subfield code="d">1898-1962</subfield><subfield code="0">(IDREF)137115504</subfield><subfield code="4">cre</subfield></datafield><datafield ind1="1" ind2="0" tag="245"><subfield code="a">Stress and disease</subfield><subfield code="c">by Harold G. Wolff</subfield></datafield><datafield ind1=" " ind2="1" tag="264"><subfield code="a">Springfield, Ill.</subfield><subfield code="b">Charles C. Thomas</subfield><subfield code="c">[1953]</subfield></datafield><datafield ind1=" " ind2="4" tag="264"><subfield code="c">© 1953</subfield></datafield><datafield ind1=" " ind2=" " tag="300"><subfield code="a">XIX, 199 p.</subfield><subfield code="b">fig.</subfield><subfield code="c">23 cm</subfield></datafield><datafield ind1=" " ind2=" " tag="336"><subfield code="b">txt</subfield><subfield code="2">rdacontent</subfield></datafield><datafield ind1=" " ind2=" " tag="337"><subfield code="b">n</subfield><subfield code="2">rdamedia</subfield></datafield><datafield ind1=" " ind2=" " tag="338"><subfield code="b">nc</subfield><subfield code="2">rdacarrier</subfield></datafield><datafield ind1="1" ind2=" " tag="490"><subfield code="a">American Lecture Series</subfield><subfield code="v">no. 166</subfield></datafield><datafield ind1=" " ind2="7" tag="650"><subfield code="a">Stress</subfield><subfield code="0">(IDREF)027390276</subfield><subfield code="2">idref</subfield></datafield><datafield ind1=" " ind2="7" tag="650"><subfield code="a">Maladies</subfield><subfield code="0">(IDREF)027578151</subfield><subfield code="2">idref</subfield></datafield><datafield ind1=" " ind2="7" tag="650"><subfield code="a">Psychopathologie</subfield><subfield code="0">(IDREF)027362094</subfield><subfield code="2">idref</subfield></datafield><datafield ind1=" " ind2="0" tag="830"><subfield code="a">American lecture series</subfield><subfield code="v">166</subfield><subfield code="w">(IDSBB)000424732DSV01</subfield></datafield><datafield ind1=" " ind2="0" tag="830"><subfield code="a">American Lecture Series</subfield><subfield code="v">166</subfield><subfield code="w">(RERO)0019401-41slsp</subfield></datafield><datafield ind1=" " ind2=" " tag="900"><subfield code="a">REROnoselfmerge</subfield></datafield></record>
</metadata></record>