<record><header><identifier>oai:alma.41SLSP_UGE:991000793499705502</identifier><datestamp>2023-03-01T01:09:45Z</datestamp><setSpec>uge_bcen_RapidILL_BOOK</setSpec><setSpec>uge_aaca_RapidILL_BOOK</setSpec><setSpec>uge_abels_RapidILL_BOOK</setSpec><setSpec>uge_dbu_RapidILL_BOOK</setSpec><setSpec>uge_cmu_RapidILL_BOOK</setSpec><setSpec>uge_mail_RapidILL_BOOK</setSpec><setSpec>UNIGE_ALL</setSpec><setSpec>uge_abbat_RapidILL_BOOK</setSpec><setSpec>uge_acar_RapidILL_BOOK</setSpec><setSpec>uge_aobs_RapidILL_BOOK</setSpec></header><metadata>
<record xmlns="http://www.loc.gov/MARC21/slim" xmlns:xsi="http://www.w3.org/2001/XMLSchema-instance" xsi:schemaLocation="http://www.loc.gov/MARC21/slim http://www.loc.gov/standards/marcxml/schema/MARC21slim.xsd"><leader>01220nam a2200325 c 4500</leader><controlfield tag="001">991000793499705502</controlfield><controlfield tag="005">20230201195917.0</controlfield><controlfield tag="008">070611s2002    sp ||||| |||| 00| ||spa d</controlfield><datafield ind1=" " ind2=" " tag="020"><subfield code="a">8470305883</subfield></datafield><datafield ind1=" " ind2=" " tag="035"><subfield code="a">(swissbib)105405833-41slsp_network</subfield></datafield><datafield ind1=" " ind2=" " tag="035"><subfield code="a">105405833</subfield><subfield code="9">ExL</subfield></datafield><datafield ind1=" " ind2=" " tag="035"><subfield code="a">(RERO)R004480719-41slsp</subfield></datafield><datafield ind1=" " ind2=" " tag="035"><subfield code="a">(EXLNZ-41SLSP_NETWORK)991054816059705501</subfield></datafield><datafield ind1=" " ind2=" " tag="040"><subfield code="a">RERO geules</subfield><subfield code="d">CH-ZuSLS</subfield></datafield><datafield ind1="1" ind2=" " tag="041"><subfield code="a">spa</subfield><subfield code="h">cat</subfield></datafield><datafield ind1=" " ind2="7" tag="072"><subfield code="a">ba</subfield><subfield code="2">rero</subfield></datafield><datafield ind1="1" ind2=" " tag="100"><subfield code="a">Bou, Núria</subfield><subfield code="d">1967-....</subfield><subfield code="0">(IDREF)079258921</subfield><subfield code="4">cre</subfield></datafield><datafield ind1="1" ind2="0" tag="245"><subfield code="a">Plano/controplano</subfield><subfield code="b">de la mirada clásica al universo de Michelangelo Antonioni</subfield><subfield code="c">Núria Bou ; trad. española de Carles Roche</subfield></datafield><datafield ind1=" " ind2="1" tag="264"><subfield code="a">Madrid</subfield><subfield code="b">Biblioteca nueva</subfield><subfield code="c">2002</subfield></datafield><datafield ind1=" " ind2=" " tag="300"><subfield code="a">187 p.</subfield><subfield code="b">ill.</subfield></datafield><datafield ind1=" " ind2=" " tag="336"><subfield code="b">txt</subfield><subfield code="2">rdacontent</subfield></datafield><datafield ind1=" " ind2=" " tag="337"><subfield code="b">n</subfield><subfield code="2">rdamedia</subfield></datafield><datafield ind1=" " ind2=" " tag="338"><subfield code="b">nc</subfield><subfield code="2">rdacarrier</subfield></datafield><datafield ind1="1" ind2=" " tag="490"><subfield code="a">Biblioteca otras eutopías</subfield><subfield code="v">3</subfield></datafield><datafield ind1="1" ind2="7" tag="600"><subfield code="a">Hitchcock, Alfred.</subfield><subfield code="t">Spellbound</subfield><subfield code="0">(IDREF)178570451</subfield><subfield code="2">idref</subfield></datafield><datafield ind1="1" ind2="7" tag="600"><subfield code="a">Antonioni, Michelangelo</subfield><subfield code="d">1912-2007</subfield><subfield code="0">(IDREF)026688530</subfield><subfield code="2">idref</subfield></datafield><datafield ind1=" " ind2="7" tag="650"><subfield code="a">cinéma - technique</subfield><subfield code="0">(RERO)A010065056</subfield><subfield code="2">rerovoc</subfield></datafield><datafield ind1=" " ind2="7" tag="650"><subfield code="a">passion (psychologie)</subfield><subfield code="0">(RERO)A010129046</subfield><subfield code="2">rerovoc</subfield></datafield><datafield ind1=" " ind2="7" tag="650"><subfield code="a">Cinéma</subfield><subfield code="0">(IDREF)027285979</subfield><subfield code="2">idref</subfield></datafield><datafield ind1=" " ind2="0" tag="830"><subfield code="a">Biblioteca Otras eutopías</subfield><subfield code="v">3</subfield><subfield code="w">(RERO)R003295791-41slsp</subfield></datafield><datafield ind1=" " ind2=" " tag="900"><subfield code="a">REROnoselfmerge</subfield></datafield><datafield ind1=" " ind2=" " tag="993"><subfield code="a">BFLA 197908</subfield><subfield code="x">ge/ules/a/04/282</subfield><subfield code="9">LOCAL</subfield></datafield></record>
</metadata></record>