<record><header><identifier>oai:alma.41SLSP_UGE:991000793709705502</identifier><datestamp>2023-03-16T01:09:59Z</datestamp><setSpec>uge_bcen_RapidILL_BOOK</setSpec><setSpec>uge_aaca_RapidILL_BOOK</setSpec><setSpec>uge_abels_RapidILL_BOOK</setSpec><setSpec>uge_dbu_RapidILL_BOOK</setSpec><setSpec>uge_cmu_RapidILL_BOOK</setSpec><setSpec>uge_mail_RapidILL_BOOK</setSpec><setSpec>uge_abbat_RapidILL_BOOK</setSpec><setSpec>UNIGE_ALL</setSpec><setSpec>uge_acar_RapidILL_BOOK</setSpec><setSpec>uge_aobs_RapidILL_BOOK</setSpec></header><metadata>
<record xmlns="http://www.loc.gov/MARC21/slim" xmlns:xsi="http://www.w3.org/2001/XMLSchema-instance" xsi:schemaLocation="http://www.loc.gov/MARC21/slim http://www.loc.gov/standards/marcxml/schema/MARC21slim.xsd"><leader>02972nam a2200745 c 4500</leader><controlfield tag="001">991000793709705502</controlfield><controlfield tag="005">20230315212811.0</controlfield><controlfield tag="008">201011s2006    xxk||||| |||| 00| ||eng d</controlfield><datafield ind1=" " ind2=" " tag="010"><subfield code="a">2005016864</subfield></datafield><datafield ind1=" " ind2=" " tag="015"><subfield code="a">GBA478727</subfield><subfield code="2">bnb</subfield></datafield><datafield ind1=" " ind2=" " tag="020"><subfield code="a">9781405113595</subfield><subfield code="q">pbk. : alk. paper</subfield></datafield><datafield ind1=" " ind2=" " tag="020"><subfield code="a">1405113596</subfield><subfield code="c">alk. paper</subfield></datafield><datafield ind1="7" ind2=" " tag="024"><subfield code="a">http://catalogue.bnf.fr/ark:/12148/cb39907721r</subfield><subfield code="2">uri</subfield></datafield><datafield ind1=" " ind2=" " tag="035"><subfield code="a">(swissbib)231813309-41slsp_network</subfield></datafield><datafield ind1=" " ind2=" " tag="035"><subfield code="a">231813309</subfield><subfield code="9">ExL</subfield></datafield><datafield ind1=" " ind2=" " tag="035"><subfield code="a">(RERO)R004418173-41slsp</subfield></datafield><datafield ind1=" " ind2=" " tag="035"><subfield code="a">(IDSBB)004222978DSV01</subfield></datafield><datafield ind1=" " ind2=" " tag="035"><subfield code="a">(NEBIS)005163591EBI01</subfield></datafield><datafield ind1=" " ind2=" " tag="035"><subfield code="a">(Uk)013028777</subfield></datafield><datafield ind1=" " ind2=" " tag="035"><subfield code="a">(EXLNZ-41SLSP_NETWORK)991058664889705501</subfield></datafield><datafield ind1=" " ind2=" " tag="040"><subfield code="a">DLC</subfield><subfield code="d">CH-ZuSLS</subfield></datafield><datafield ind1=" " ind2="0" tag="050"><subfield code="a">RC564 $b.W47 2006</subfield></datafield><datafield ind1=" " ind2=" " tag="050"><subfield code="a">RC564</subfield><subfield code="b">.W47 2006</subfield></datafield><datafield ind1=" " ind2="0" tag="060"><subfield code="a">2006 B-484</subfield></datafield><datafield ind1=" " ind2="0" tag="060"><subfield code="a">WM 270</subfield><subfield code="b">W519t 2006</subfield></datafield><datafield ind1=" " ind2="7" tag="072"><subfield code="a">ps</subfield><subfield code="2">rero</subfield></datafield><datafield ind1="0" ind2="0" tag="082"><subfield code="a">616.86/001</subfield></datafield><datafield ind1="0" ind2="4" tag="082"><subfield code="a">616.8584</subfield><subfield code="2">22</subfield></datafield><datafield ind1="0" ind2="4" tag="082"><subfield code="a">616.86/001 22</subfield><subfield code="2">22</subfield></datafield><datafield ind1=" " ind2=" " tag="084"><subfield code="a">CW 6940</subfield><subfield code="2">rvk</subfield></datafield><datafield ind1="1" ind2=" " tag="100"><subfield code="6">880-01</subfield><subfield code="a">West, Robert</subfield><subfield code="0">(IDREF)127476164</subfield><subfield code="4">cre</subfield></datafield><datafield ind1="1" ind2=" " tag="880"><subfield code="a">West, Robert</subfield><subfield code="d">1955-</subfield><subfield code="0">(DE-588)1046386891</subfield><subfield code="6">100-01</subfield></datafield><datafield ind1="1" ind2="0" tag="245"><subfield code="a">Theory of addiction</subfield><subfield code="c">Robert West, with Ainsley Hardy</subfield></datafield><datafield ind1=" " ind2="1" tag="264"><subfield code="a">Oxford</subfield><subfield code="a">Malden, MA</subfield><subfield code="b">Blackwell Pub./Addiction Press</subfield><subfield code="c">2006</subfield></datafield><datafield ind1=" " ind2=" " tag="300"><subfield code="a">xii, 211 p.</subfield><subfield code="b">ill.</subfield><subfield code="c">25 cm</subfield></datafield><datafield ind1=" " ind2=" " tag="336"><subfield code="b">txt</subfield><subfield code="2">rdacontent</subfield></datafield><datafield ind1=" " ind2=" " tag="337"><subfield code="b">n</subfield><subfield code="2">rdamedia</subfield></datafield><datafield ind1=" " ind2=" " tag="338"><subfield code="b">nc</subfield><subfield code="2">rdacarrier</subfield></datafield><datafield ind1="0" ind2=" " tag="490"><subfield code="a">Addiction Press series</subfield></datafield><datafield ind1=" " ind2=" " tag="500"><subfield code="a">Formerly CIP. Uk</subfield></datafield><datafield ind1=" " ind2=" " tag="504"><subfield code="a">Includes bibliographical references (p. 193-206) and index</subfield></datafield><datafield ind1="0" ind2=" " tag="505"><subfield code="a">Introduction : journey to the centre of addiction -- Definition, theory and observation -- Beginning the journey : addiction as choice -- Choice is not enough : the concepts of impulse and self-control -- Addiction, habit and instrumental learning -- Addiction in populations, and comprehensive theories -- Development of a comprehensive theory -- A synthetic theory of motivation -- A theory of addiction</subfield></datafield><datafield ind1=" " ind2="0" tag="650"><subfield code="a">Compulsive Behavior</subfield></datafield><datafield ind1=" " ind2="2" tag="650"><subfield code="a">Substance-Related Disorders</subfield><subfield code="x">psychology</subfield></datafield><datafield ind1=" " ind2="2" tag="650"><subfield code="a">Motivation</subfield></datafield><datafield ind1=" " ind2="2" tag="650"><subfield code="a">Psychological Theory</subfield></datafield><datafield ind1=" " ind2="7" tag="650"><subfield code="a">Dépendance (psychologie)</subfield><subfield code="0">(IDREF)027843580</subfield><subfield code="2">idref</subfield></datafield><datafield ind1=" " ind2="7" tag="650"><subfield code="a">Comportement compulsif</subfield><subfield code="0">(IDREF)02968501X</subfield><subfield code="2">idref</subfield></datafield><datafield ind1=" " ind2="2" tag="650"><subfield code="a">Substance-Related Disorders</subfield><subfield code="x">psychology</subfield><subfield code="0">(DNLM)D019966Q000523</subfield></datafield><datafield ind1=" " ind2="2" tag="650"><subfield code="a">Motivation</subfield><subfield code="0">(DNLM)D009042</subfield></datafield><datafield ind1=" " ind2="2" tag="650"><subfield code="a">Psychological Theory</subfield><subfield code="0">(DNLM)D011582</subfield></datafield><datafield ind1=" " ind2="0" tag="650"><subfield code="a">Substance abuse</subfield></datafield><datafield ind1=" " ind2="0" tag="650"><subfield code="a">Compulsive behavior</subfield></datafield><datafield ind1=" " ind2="7" tag="650"><subfield code="a">Theorie</subfield><subfield code="2">idszbz</subfield></datafield><datafield ind1=" " ind2="7" tag="650"><subfield code="a">Sucht</subfield><subfield code="2">idszbz</subfield></datafield><datafield ind1=" " ind2="0" tag="650"><subfield code="a">Motivation</subfield></datafield><datafield ind1=" " ind2="0" tag="650"><subfield code="a">Psychological Theory</subfield></datafield><datafield ind1=" " ind2="7" tag="650"><subfield code="a">Psychologie</subfield><subfield code="2">idszbz</subfield></datafield><datafield ind1=" " ind2="0" tag="650"><subfield code="a">Substance abuse</subfield><subfield code="x">Psychology</subfield></datafield><datafield ind1="1" ind2=" " tag="700"><subfield code="a">Hardy, Ainsley</subfield><subfield code="0">(IDREF)127476784</subfield></datafield><datafield ind1="4" ind2=" " tag="856"><subfield code="z">Table of contents</subfield><subfield code="u">http://www.loc.gov/catdir/toc/ecip0514/2005016864.html</subfield></datafield><datafield ind1=" " ind2=" " tag="900"><subfield code="a">REROnoselfmerge</subfield></datafield><datafield ind1=" " ind2=" " tag="900"><subfield code="a">IDSZ2zbzmon200605f</subfield><subfield code="c">IDSZ2gerb</subfield><subfield code="d">IDSZ2zbzswk200605b</subfield><subfield code="e">IDSZ2bisg</subfield></datafield><datafield ind1=" " ind2=" " tag="900"><subfield code="a">IDSE5E50ANH-2008</subfield></datafield><datafield ind1=" " ind2=" " tag="911"><subfield code="a">West, Robert</subfield><subfield code="d">1955-</subfield></datafield><datafield ind1=" " ind2=" " tag="949"><subfield code="a">http://www.loc.gov/catdir/toc/ecip0514/2005016864.html</subfield></datafield></record>
</metadata></record>