<record><header><identifier>oai:alma.41SLSP_UGE:991000793399705502</identifier><datestamp>2023-04-08T00:22:25Z</datestamp><setSpec>uge_bcen_RapidILL_BOOK</setSpec><setSpec>uge_aaca_RapidILL_BOOK</setSpec><setSpec>uge_abels_RapidILL_BOOK</setSpec><setSpec>uge_dbu_RapidILL_BOOK</setSpec><setSpec>uge_cmu_RapidILL_BOOK</setSpec><setSpec>uge_mail_RapidILL_BOOK</setSpec><setSpec>uge_abbat_RapidILL_BOOK</setSpec><setSpec>UNIGE_ALL</setSpec><setSpec>uge_aobs_RapidILL_BOOK</setSpec><setSpec>uge_acar_RapidILL_BOOK</setSpec></header><metadata>
<record xmlns="http://www.loc.gov/MARC21/slim" xmlns:xsi="http://www.w3.org/2001/XMLSchema-instance" xsi:schemaLocation="http://www.loc.gov/MARC21/slim http://www.loc.gov/standards/marcxml/schema/MARC21slim.xsd"><leader>01444nam a2200385 c 4500</leader><controlfield tag="001">991000793399705502</controlfield><controlfield tag="005">20230407122515.0</controlfield><controlfield tag="008">180511s2017    fr ||||| |||| 00| ||fre d</controlfield><datafield ind1=" " ind2=" " tag="020"><subfield code="a">9791032001004</subfield></datafield><datafield ind1="7" ind2=" " tag="024"><subfield code="a">http://catalogue.bnf.fr/ark:/12148/cb452566359</subfield><subfield code="2">uri</subfield></datafield><datafield ind1=" " ind2=" " tag="035"><subfield code="a">(swissbib)124777597-41slsp_network</subfield></datafield><datafield ind1=" " ind2=" " tag="035"><subfield code="a">124777597</subfield><subfield code="9">ExL</subfield></datafield><datafield ind1=" " ind2=" " tag="035"><subfield code="a">(RERO)R008796386-41slsp</subfield></datafield><datafield ind1=" " ind2=" " tag="035"><subfield code="a">(EXLNZ-41SLSP_NETWORK)991159195509705501</subfield></datafield><datafield ind1=" " ind2=" " tag="040"><subfield code="a">DEBBG</subfield><subfield code="b">ger</subfield><subfield code="e">rda</subfield><subfield code="d">CH-ZuSLS</subfield></datafield><datafield ind1=" " ind2="7" tag="072"><subfield code="a">sp</subfield><subfield code="2">rero</subfield></datafield><datafield ind1="0" ind2="4" tag="082"><subfield code="a">306.09</subfield><subfield code="2">22/ger</subfield></datafield><datafield ind1="0" ind2="4" tag="082"><subfield code="a">909</subfield><subfield code="2">22/ger</subfield></datafield><datafield ind1="1" ind2=" " tag="100"><subfield code="a">Sintès, Pierre</subfield><subfield code="d">1972-....</subfield><subfield code="0">(IDREF)112168582</subfield><subfield code="4">cre</subfield></datafield><datafield ind1="1" ind2="0" tag="245"><subfield code="a">En présence du passé</subfield><subfield code="b">géopolitique de la mémoire aux frontières de la Grèce</subfield><subfield code="c">Pierre Sintès</subfield></datafield><datafield ind1=" " ind2="1" tag="264"><subfield code="a">Aix-en-Provence</subfield><subfield code="b">Presses universitaires de Provence</subfield><subfield code="c">2017</subfield></datafield><datafield ind1=" " ind2=" " tag="300"><subfield code="a">208 p.</subfield></datafield><datafield ind1=" " ind2=" " tag="336"><subfield code="b">txt</subfield><subfield code="2">rdacontent</subfield></datafield><datafield ind1=" " ind2=" " tag="337"><subfield code="b">n</subfield><subfield code="2">rdamedia</subfield></datafield><datafield ind1=" " ind2=" " tag="338"><subfield code="b">nc</subfield><subfield code="2">rdacarrier</subfield></datafield><datafield ind1="0" ind2=" " tag="490"><subfield code="a">Sociétés contemporaines</subfield></datafield><datafield ind1=" " ind2="7" tag="650"><subfield code="a">Émigration et immigration</subfield><subfield code="0">(IDREF)027233103</subfield><subfield code="2">idref</subfield></datafield><datafield ind1=" " ind2="7" tag="650"><subfield code="a">Géopolitique</subfield><subfield code="0">(IDREF)027732428</subfield><subfield code="2">idref</subfield></datafield><datafield ind1=" " ind2="7" tag="650"><subfield code="a">Mémoire collective</subfield><subfield code="0">(IDREF)030288185</subfield><subfield code="2">idref</subfield></datafield><datafield ind1=" " ind2="7" tag="650"><subfield code="a">Mondialisation</subfield><subfield code="0">(IDREF)03500407X</subfield><subfield code="2">idref</subfield></datafield><datafield ind1=" " ind2="7" tag="650"><subfield code="a">Régions frontalières</subfield><subfield code="0">(IDREF)033613176</subfield><subfield code="2">idref</subfield></datafield><datafield ind1=" " ind2="7" tag="650"><subfield code="a">Groupes ethniques</subfield><subfield code="0">(IDREF)027323994</subfield><subfield code="2">idref</subfield></datafield><datafield ind1=" " ind2="7" tag="651"><subfield code="a">Grèce</subfield><subfield code="0">(IDREF)027228428</subfield><subfield code="2">idref</subfield></datafield><datafield ind1=" " ind2="7" tag="651"><subfield code="a">Balkans</subfield><subfield code="0">(IDREF)027360199</subfield><subfield code="2">idref</subfield></datafield><datafield ind1=" " ind2=" " tag="900"><subfield code="a">REROnoselfmerge</subfield></datafield><datafield ind1=" " ind2=" " tag="910"><subfield code="a">OCoLC</subfield><subfield code="b">20180511</subfield><subfield code="c">Droits réservés</subfield></datafield><datafield ind1=" " ind2=" " tag="961"><subfield code="2">gsi</subfield><subfield code="a">949.5</subfield><subfield code="9">LOCAL</subfield></datafield></record>
</metadata></record>