<record><header><identifier>oai:alma.41SLSP_UGE:991000793379705502</identifier><datestamp>2023-03-04T01:10:53Z</datestamp><setSpec>uge_bcen_RapidILL_BOOK</setSpec><setSpec>uge_aaca_RapidILL_BOOK</setSpec><setSpec>uge_abels_RapidILL_BOOK</setSpec><setSpec>uge_dbu_RapidILL_BOOK</setSpec><setSpec>uge_cmu_RapidILL_BOOK</setSpec><setSpec>uge_mail_RapidILL_BOOK</setSpec><setSpec>uge_abbat_RapidILL_BOOK</setSpec><setSpec>UNIGE_ALL</setSpec><setSpec>uge_aobs_RapidILL_BOOK</setSpec><setSpec>uge_acar_RapidILL_BOOK</setSpec></header><metadata>
<record xmlns="http://www.loc.gov/MARC21/slim" xmlns:xsi="http://www.w3.org/2001/XMLSchema-instance" xsi:schemaLocation="http://www.loc.gov/MARC21/slim http://www.loc.gov/standards/marcxml/schema/MARC21slim.xsd"><leader>01800nam a2200337 c 4500</leader><controlfield tag="001">991000793379705502</controlfield><controlfield tag="005">20230303214436.0</controlfield><controlfield tag="008">090312s2009    fr ||||| |||| 00| ||fre d</controlfield><datafield ind1=" " ind2=" " tag="020"><subfield code="a">9782130574132</subfield></datafield><datafield ind1="7" ind2=" " tag="024"><subfield code="a">http://catalogue.bnf.fr/ark:/12148/cb41426329q</subfield><subfield code="2">uri</subfield></datafield><datafield ind1=" " ind2=" " tag="035"><subfield code="a">(swissbib)107815605-41slsp_network</subfield></datafield><datafield ind1=" " ind2=" " tag="035"><subfield code="a">107815605</subfield><subfield code="9">ExL</subfield></datafield><datafield ind1=" " ind2=" " tag="035"><subfield code="a">(RERO)R005015968-41slsp</subfield></datafield><datafield ind1=" " ind2=" " tag="035"><subfield code="a">(EXLNZ-41SLSP_NETWORK)991041563019705501</subfield></datafield><datafield ind1=" " ind2=" " tag="040"><subfield code="a">DLC</subfield><subfield code="d">CH-ZuSLS</subfield></datafield><datafield ind1=" " ind2="7" tag="072"><subfield code="a">ps</subfield><subfield code="2">rero</subfield></datafield><datafield ind1="0" ind2="0" tag="245"><subfield code="a">Quelle guérison</subfield><subfield code="b">mal, maladie, malaise. Annuel 2009</subfield><subfield code="c">association psychanalytique de France ; directeur de la publication André Beetschen ; [contributions de Daniel Widlöcher, Patrick Merot, Jacques André... et al.]</subfield></datafield><datafield ind1=" " ind2="1" tag="264"><subfield code="a">Paris</subfield><subfield code="b">Presses universitaires de France</subfield><subfield code="c">2009</subfield></datafield><datafield ind1=" " ind2=" " tag="300"><subfield code="a">195 p.</subfield></datafield><datafield ind1=" " ind2=" " tag="336"><subfield code="b">txt</subfield><subfield code="2">rdacontent</subfield></datafield><datafield ind1=" " ind2=" " tag="337"><subfield code="b">n</subfield><subfield code="2">rdamedia</subfield></datafield><datafield ind1=" " ind2=" " tag="338"><subfield code="b">nc</subfield><subfield code="2">rdacarrier</subfield></datafield><datafield ind1="1" ind2=" " tag="490"><subfield code="a">Annuel de l'APF</subfield><subfield code="v">2009</subfield></datafield><datafield ind1="0" ind2=" " tag="505"><subfield code="a">[Sommaire] Entretiens de psychanalyse de l'APF, janvier 2008: Maladie et guérison en psychanalyse. - Les deux voies. - Guérison et vérité. - Guérir de la vérité. - Une étroite union de la cure et de la recherche. - L'&quot;action spécifique&quot; au fondement de la notion de guérison. - Exposer au déplaisir. - Une guérison coupable. - Guérir ?. - Travaux: Ce qui surgit de l'arrière-plan. - Il se cache parce qu'il est malade. - Le mal : un tabou culturel. - Documents: L'avenir nous appartient</subfield></datafield><datafield ind1=" " ind2="2" tag="650"><subfield code="a">Psychoanalysis</subfield></datafield><datafield ind1=" " ind2="2" tag="650"><subfield code="a">Psychology</subfield></datafield><datafield ind1=" " ind2="7" tag="650"><subfield code="a">Guérison</subfield><subfield code="0">(IDREF)027802531</subfield><subfield code="2">idref</subfield></datafield><datafield ind1=" " ind2="7" tag="650"><subfield code="a">Psychanalyse</subfield><subfield code="0">(IDREF)027241505</subfield><subfield code="2">idref</subfield></datafield><datafield ind1=" " ind2="7" tag="655"><subfield code="a">Actes de congrès</subfield><subfield code="0">(IDREF)02886431X</subfield><subfield code="2">idref</subfield></datafield><datafield ind1="2" ind2=" " tag="710"><subfield code="a">Association psychanalytique de France</subfield><subfield code="0">(IDREF)028668421</subfield></datafield><datafield ind1=" " ind2="0" tag="830"><subfield code="a">Annuel / Association psychanalytique de France</subfield><subfield code="v">2009</subfield><subfield code="w">(RERO)R004617317-41slsp</subfield></datafield><datafield ind1=" " ind2=" " tag="900"><subfield code="a">REROnoselfmerge</subfield></datafield></record>
</metadata></record>