<record><header><identifier>oai:alma.41SLSP_UGE:991000793169705502</identifier><datestamp>2023-03-01T01:09:45Z</datestamp><setSpec>uge_bcen_RapidILL_BOOK</setSpec><setSpec>uge_aaca_RapidILL_BOOK</setSpec><setSpec>uge_abels_RapidILL_BOOK</setSpec><setSpec>uge_dbu_RapidILL_BOOK</setSpec><setSpec>uge_cmu_RapidILL_BOOK</setSpec><setSpec>uge_mail_RapidILL_BOOK</setSpec><setSpec>UNIGE_ALL</setSpec><setSpec>uge_abbat_RapidILL_BOOK</setSpec><setSpec>uge_aobs_RapidILL_BOOK</setSpec><setSpec>uge_acar_RapidILL_BOOK</setSpec></header><metadata>
<record xmlns="http://www.loc.gov/MARC21/slim" xmlns:xsi="http://www.w3.org/2001/XMLSchema-instance" xsi:schemaLocation="http://www.loc.gov/MARC21/slim http://www.loc.gov/standards/marcxml/schema/MARC21slim.xsd"><leader>01502nam a2200385 c 4500</leader><controlfield tag="001">991000793169705502</controlfield><controlfield tag="005">20201227162336.0</controlfield><controlfield tag="008">190429s2007    ja a          000 0cjpn d</controlfield><datafield ind1=" " ind2=" " tag="020"><subfield code="a">483860419X</subfield></datafield><datafield ind1=" " ind2=" " tag="020"><subfield code="a">9784838604197</subfield></datafield><datafield ind1=" " ind2=" " tag="035"><subfield code="a">(swissbib)12564339X-41slsp_network</subfield></datafield><datafield ind1=" " ind2=" " tag="035"><subfield code="a">12564339X</subfield><subfield code="9">ExL</subfield></datafield><datafield ind1=" " ind2=" " tag="035"><subfield code="a">(RERO)R008919324-41slsp</subfield></datafield><datafield ind1=" " ind2=" " tag="035"><subfield code="a">(EXLNZ-41SLSP_NETWORK)991022487889705501</subfield></datafield><datafield ind1=" " ind2=" " tag="040"><subfield code="a">LWU</subfield><subfield code="d">CH-ZuSLS</subfield></datafield><datafield ind1="0" ind2="0" tag="050"><subfield code="a">PL723</subfield><subfield code="b">F835 2007</subfield></datafield><datafield ind1=" " ind2="7" tag="072"><subfield code="a">or</subfield><subfield code="2">rero</subfield></datafield><datafield ind1="1" ind2=" " tag="100"><subfield code="6">880-01</subfield><subfield code="a">Fukuda, Hideichi</subfield><subfield code="d">1932-2006</subfield><subfield code="0">(IDREF)099596660</subfield><subfield code="4">aut</subfield></datafield><datafield ind1="1" ind2=" " tag="880"><subfield code="6">100-01/$1</subfield><subfield code="a">福田秀一</subfield><subfield code="d">1932-2006</subfield></datafield><datafield ind1="1" ind2="0" tag="245"><subfield code="6">880-02</subfield><subfield code="a">Bunjin gakusha no ryūgaku nikki</subfield><subfield code="c">Fukuda Hideichi</subfield></datafield><datafield ind1="1" ind2="0" tag="880"><subfield code="6">245-02/$1</subfield><subfield code="a">文人学者の留学日記</subfield><subfield code="c">福田秀一</subfield></datafield><datafield ind1="1" ind2=" " tag="246"><subfield code="a">Overseas study diaries of Japanese writer-scholars</subfield></datafield><datafield ind1=" " ind2=" " tag="250"><subfield code="6">880-03</subfield><subfield code="a">Shohan.</subfield></datafield><datafield ind1=" " ind2=" " tag="880"><subfield code="6">250-03/$1</subfield><subfield code="a">初版</subfield></datafield><datafield ind1=" " ind2="1" tag="264"><subfield code="6">880-04</subfield><subfield code="a">Tōkyō</subfield><subfield code="b">Musashino Shoin</subfield><subfield code="c">2007</subfield></datafield><datafield ind1=" " ind2="1" tag="880"><subfield code="6">264-04/$1</subfield><subfield code="a">東京</subfield><subfield code="b">武蔵野書院</subfield><subfield code="c">2007</subfield></datafield><datafield ind1=" " ind2=" " tag="300"><subfield code="a">ii, 604 p.</subfield><subfield code="b">ill.</subfield><subfield code="c">22 cm</subfield></datafield><datafield ind1=" " ind2=" " tag="336"><subfield code="b">txt</subfield><subfield code="2">rdacontent</subfield></datafield><datafield ind1=" " ind2=" " tag="337"><subfield code="b">n</subfield><subfield code="2">rdamedia</subfield></datafield><datafield ind1=" " ind2=" " tag="338"><subfield code="b">nc</subfield><subfield code="2">rdacarrier</subfield></datafield><datafield ind1=" " ind2="0" tag="650"><subfield code="a">Authors, Japanese</subfield><subfield code="x">Travel</subfield><subfield code="z">Foreign countries</subfield></datafield><datafield ind1=" " ind2="0" tag="650"><subfield code="a">Authors, Japanese</subfield><subfield code="y">1868-</subfield><subfield code="v">Diaries</subfield></datafield><datafield ind1=" " ind2="0" tag="650"><subfield code="a">Japanese diaries</subfield><subfield code="y">1868-</subfield><subfield code="x">History and criticism</subfield></datafield><datafield ind1=" " ind2="0" tag="650"><subfield code="a">Scholars</subfield><subfield code="z">Japan</subfield><subfield code="v">Diaries</subfield></datafield><datafield ind1=" " ind2=" " tag="900"><subfield code="a">REROnoselfmerge</subfield></datafield><datafield ind1=" " ind2=" " tag="910"><subfield code="a">LOC</subfield><subfield code="b">20190429</subfield><subfield code="c">Réutilisation sous conditions</subfield></datafield></record>
</metadata></record>