<record><header><identifier>oai:alma.41SLSP_UGE:991000793689705502</identifier><datestamp>2023-03-01T01:09:45Z</datestamp><setSpec>uge_bcen_RapidILL_BOOK</setSpec><setSpec>uge_aaca_RapidILL_BOOK</setSpec><setSpec>uge_abels_RapidILL_BOOK</setSpec><setSpec>uge_dbu_RapidILL_BOOK</setSpec><setSpec>uge_cmu_RapidILL_BOOK</setSpec><setSpec>uge_mail_RapidILL_BOOK</setSpec><setSpec>UNIGE_ALL</setSpec><setSpec>uge_abbat_RapidILL_BOOK</setSpec><setSpec>uge_aobs_RapidILL_BOOK</setSpec><setSpec>uge_acar_RapidILL_BOOK</setSpec></header><metadata>
<record xmlns="http://www.loc.gov/MARC21/slim" xmlns:xsi="http://www.w3.org/2001/XMLSchema-instance" xsi:schemaLocation="http://www.loc.gov/MARC21/slim http://www.loc.gov/standards/marcxml/schema/MARC21slim.xsd"><leader>01081nam a2200253 c 4500</leader><controlfield tag="001">991000793689705502</controlfield><controlfield tag="005">20201225185340.0</controlfield><controlfield tag="008">880210s1953    xxu||||| |||| 10| ||eng d</controlfield><datafield ind1=" " ind2=" " tag="035"><subfield code="a">(swissbib)082458189-41slsp_network</subfield></datafield><datafield ind1=" " ind2=" " tag="035"><subfield code="a">082458189</subfield><subfield code="9">ExL</subfield></datafield><datafield ind1=" " ind2=" " tag="035"><subfield code="a">(RERO)0937627-41slsp</subfield></datafield><datafield ind1=" " ind2=" " tag="035"><subfield code="a">(EXLNZ-41SLSP_NETWORK)991101346149705501</subfield></datafield><datafield ind1=" " ind2=" " tag="040"><subfield code="a">RERO geudbu</subfield><subfield code="d">CH-ZuSLS</subfield></datafield><datafield ind1=" " ind2="7" tag="072"><subfield code="a">py</subfield><subfield code="2">rero</subfield></datafield><datafield ind1="0" ind2="0" tag="245"><subfield code="a">&lt;&lt;The&gt;&gt; role of atomic energy in agricultural research</subfield><subfield code="b">proceedings of the fourth Annual Oak Ridge Summer Symposium, August 25-30, 1952</subfield><subfield code="c">[presented by] Oak Ridge National Laboratory, Oak Ridge Institute of Nuclear Studies ; compiled by C.L. Comar, S.L. Hood</subfield></datafield><datafield ind1=" " ind2="1" tag="264"><subfield code="a">Oak Ridge Tenn.</subfield><subfield code="b">US Atomic Energy Commission</subfield><subfield code="c">1953</subfield></datafield><datafield ind1=" " ind2=" " tag="300"><subfield code="a">IX, 483 p.</subfield><subfield code="b">ill.</subfield><subfield code="c">27 cm</subfield></datafield><datafield ind1=" " ind2=" " tag="336"><subfield code="b">txt</subfield><subfield code="2">rdacontent</subfield></datafield><datafield ind1=" " ind2=" " tag="337"><subfield code="b">n</subfield><subfield code="2">rdamedia</subfield></datafield><datafield ind1=" " ind2=" " tag="338"><subfield code="b">nc</subfield><subfield code="2">rdacarrier</subfield></datafield><datafield ind1=" " ind2=" " tag="500"><subfield code="a">Catal. d'après la couv</subfield></datafield><datafield ind1="1" ind2=" " tag="700"><subfield code="a">Comar, Cyril Lewis</subfield><subfield code="d">1914-1979</subfield><subfield code="0">(IDREF)084067292</subfield></datafield><datafield ind1="2" ind2=" " tag="710"><subfield code="a">Oak Ridge national laboratory</subfield><subfield code="0">(IDREF)033159823</subfield></datafield><datafield ind1="2" ind2=" " tag="711"><subfield code="a">Annual Oak Ridge Summer Symposium</subfield><subfield code="n">4</subfield><subfield code="d">1952</subfield><subfield code="c">Oak Ridge</subfield><subfield code="0">(RERO)A012487377</subfield></datafield><datafield ind1=" " ind2=" " tag="900"><subfield code="a">REROnoselfmerge</subfield></datafield></record>
</metadata></record>