<record><header><identifier>oai:alma.41SLSP_UGE:991000793389705502</identifier><datestamp>2023-03-01T01:09:45Z</datestamp><setSpec>uge_bcen_RapidILL_BOOK</setSpec><setSpec>uge_aaca_RapidILL_BOOK</setSpec><setSpec>uge_abels_RapidILL_BOOK</setSpec><setSpec>uge_dbu_RapidILL_BOOK</setSpec><setSpec>uge_cmu_RapidILL_BOOK</setSpec><setSpec>uge_mail_RapidILL_BOOK</setSpec><setSpec>UNIGE_ALL</setSpec><setSpec>uge_abbat_RapidILL_BOOK</setSpec><setSpec>uge_acar_RapidILL_BOOK</setSpec><setSpec>uge_aobs_RapidILL_BOOK</setSpec></header><metadata>
<record xmlns="http://www.loc.gov/MARC21/slim" xmlns:xsi="http://www.w3.org/2001/XMLSchema-instance" xsi:schemaLocation="http://www.loc.gov/MARC21/slim http://www.loc.gov/standards/marcxml/schema/MARC21slim.xsd"><leader>01467nam a2200397 c 4500</leader><controlfield tag="001">991000793389705502</controlfield><controlfield tag="005">20230205213606.0</controlfield><controlfield tag="008">201012s1995    it ||||| |||| 00| ||ita d</controlfield><datafield ind1=" " ind2=" " tag="020"><subfield code="a">8842046620</subfield></datafield><datafield ind1=" " ind2=" " tag="035"><subfield code="a">(swissbib)239219686-41slsp_network</subfield></datafield><datafield ind1=" " ind2=" " tag="035"><subfield code="a">239219686</subfield><subfield code="9">ExL</subfield></datafield><datafield ind1=" " ind2=" " tag="035"><subfield code="a">(RERO)2194484-41slsp</subfield></datafield><datafield ind1=" " ind2=" " tag="035"><subfield code="a">(NEBIS)001534053EBI01</subfield></datafield><datafield ind1=" " ind2=" " tag="035"><subfield code="a">(EXLNZ-41SLSP_NETWORK)991013263469705501</subfield></datafield><datafield ind1=" " ind2=" " tag="040"><subfield code="a">RERO geulit</subfield><subfield code="d">CH-ZuSLS</subfield></datafield><datafield ind1=" " ind2="7" tag="072"><subfield code="a">it</subfield><subfield code="2">rero</subfield></datafield><datafield ind1="0" ind2="0" tag="082"><subfield code="a">858/.809</subfield><subfield code="2">21</subfield></datafield><datafield ind1="0" ind2="4" tag="082"><subfield code="a">852.912</subfield></datafield><datafield ind1="1" ind2=" " tag="100"><subfield code="a">Artioli, Umberto</subfield><subfield code="d">1939-2004</subfield><subfield code="0">(IDREF)029733944</subfield><subfield code="4">cre</subfield></datafield><datafield ind1="1" ind2="0" tag="245"><subfield code="a">&lt;&lt;Il&gt;&gt; combattimento invisibile</subfield><subfield code="b">D'Annunzio tra romanzo e teatro</subfield><subfield code="c">Umberto Artioli</subfield></datafield><datafield ind1=" " ind2="1" tag="264"><subfield code="a">Roma</subfield><subfield code="a">Bari</subfield><subfield code="b">Laterza</subfield><subfield code="c">1995</subfield></datafield><datafield ind1=" " ind2=" " tag="300"><subfield code="a">253 p.</subfield><subfield code="c">21 cm</subfield></datafield><datafield ind1=" " ind2=" " tag="336"><subfield code="b">txt</subfield><subfield code="2">rdacontent</subfield></datafield><datafield ind1=" " ind2=" " tag="337"><subfield code="b">n</subfield><subfield code="2">rdamedia</subfield></datafield><datafield ind1=" " ind2=" " tag="338"><subfield code="b">nc</subfield><subfield code="2">rdacarrier</subfield></datafield><datafield ind1="1" ind2=" " tag="490"><subfield code="a">Biblioteca di cultura moderna</subfield><subfield code="v">1076</subfield></datafield><datafield ind1="1" ind2="7" tag="600"><subfield code="a">D'Annunzio, Gabriele</subfield><subfield code="d">1863-1938</subfield><subfield code="0">(IDREF)026653095</subfield><subfield code="2">idref</subfield></datafield><datafield ind1="1" ind2="7" tag="600"><subfield code="a">D'Annunzio, Gabriele</subfield><subfield code="2">idszbz</subfield></datafield><datafield ind1="1" ind2="7" tag="600"><subfield code="a">D'Annunzio, Gabriele</subfield><subfield code="d">1863-1938</subfield><subfield code="0">(DE-588)118503243</subfield><subfield code="2">gnd</subfield></datafield><datafield ind1="1" ind2="0" tag="600"><subfield code="a">D'Annunzio, Gabriele</subfield><subfield code="d">1863-1938</subfield><subfield code="x">Criticism and interpretation</subfield></datafield><datafield ind1=" " ind2="7" tag="650"><subfield code="a">Théâtre (genre littéraire)</subfield><subfield code="0">(IDREF)027331954</subfield><subfield code="2">idref</subfield></datafield><datafield ind1=" " ind2="7" tag="650"><subfield code="a">Roman</subfield><subfield code="2">idszbz</subfield></datafield><datafield ind1=" " ind2="7" tag="650"><subfield code="a">Theater</subfield><subfield code="2">idszbz</subfield></datafield><datafield ind1=" " ind2="7" tag="650"><subfield code="a">Literaturgattung</subfield><subfield code="0">(DE-588)4074285-4</subfield><subfield code="2">gnd</subfield></datafield><datafield ind1=" " ind2=" " tag="830"><subfield code="a">Biblioteca di cultura moderna</subfield><subfield code="p">Laterza</subfield><subfield code="v">1076</subfield><subfield code="w">(RERO)0022939-41slsp</subfield></datafield><datafield ind1=" " ind2=" " tag="830"><subfield code="a">Biblioteca di cultura moderna</subfield><subfield code="v">1076</subfield><subfield code="w">(NEBIS)000997802EBI01</subfield></datafield><datafield ind1=" " ind2=" " tag="900"><subfield code="a">REROnoselfmerge</subfield></datafield><datafield ind1=" " ind2=" " tag="993"><subfield code="a">BFLA 101598</subfield><subfield code="x">ge/ulit/a/96/129</subfield><subfield code="9">LOCAL</subfield></datafield></record>
</metadata></record>