<record><header><identifier>oai:alma.41SLSP_UGE:991000793939705502</identifier><datestamp>2023-03-28T00:14:11Z</datestamp><setSpec>uge_bcen_RapidILL_BOOK</setSpec><setSpec>uge_aaca_RapidILL_BOOK</setSpec><setSpec>uge_abels_RapidILL_BOOK</setSpec><setSpec>uge_dbu_RapidILL_BOOK</setSpec><setSpec>uge_cmu_RapidILL_BOOK</setSpec><setSpec>uge_mail_RapidILL_BOOK</setSpec><setSpec>uge_abbat_RapidILL_BOOK</setSpec><setSpec>UNIGE_ALL</setSpec><setSpec>uge_acar_RapidILL_BOOK</setSpec><setSpec>uge_aobs_RapidILL_BOOK</setSpec></header><metadata>
<record xmlns="http://www.loc.gov/MARC21/slim" xmlns:xsi="http://www.w3.org/2001/XMLSchema-instance" xsi:schemaLocation="http://www.loc.gov/MARC21/slim http://www.loc.gov/standards/marcxml/schema/MARC21slim.xsd"><leader>02624nam a2200721uc 4500</leader><controlfield tag="001">991000793939705502</controlfield><controlfield tag="005">20230327183242.0</controlfield><controlfield tag="008">201011t19971997xxu           00| | eng|d</controlfield><datafield ind1=" " ind2=" " tag="019"><subfield code="a">Schmidt, Peter Ridgway (1942-) / Library of Congress</subfield></datafield><datafield ind1=" " ind2=" " tag="020"><subfield code="a">0852557442</subfield><subfield code="q">Currey, hbk.</subfield></datafield><datafield ind1=" " ind2=" " tag="020"><subfield code="a">0852557434</subfield><subfield code="q">Currey, pbk.</subfield></datafield><datafield ind1=" " ind2=" " tag="020"><subfield code="a">0253332559</subfield><subfield code="q">Indiana Univ., hbk.</subfield></datafield><datafield ind1=" " ind2=" " tag="020"><subfield code="a">0253211093</subfield><subfield code="q">Indiana Univ., pbk.</subfield></datafield><datafield ind1=" " ind2=" " tag="035"><subfield code="a">(swissbib)217865097-41slsp_network</subfield></datafield><datafield ind1=" " ind2=" " tag="035"><subfield code="a">217865097</subfield><subfield code="9">ExL</subfield></datafield><datafield ind1=" " ind2=" " tag="035"><subfield code="a">(NEBIS)001814662EBI01</subfield></datafield><datafield ind1=" " ind2=" " tag="035"><subfield code="a">(RERO)R220581260-41slsp</subfield></datafield><datafield ind1=" " ind2=" " tag="035"><subfield code="a">(IDSBB)001461629DSV01</subfield></datafield><datafield ind1=" " ind2=" " tag="035"><subfield code="a">(EXLNZ-41SLSP_NETWORK)991069847019705501</subfield></datafield><datafield ind1=" " ind2=" " tag="040"><subfield code="a">ZBZ</subfield><subfield code="b">ger</subfield><subfield code="e">ETHICS-ISBD</subfield><subfield code="d">CH-ZuSLS</subfield></datafield><datafield ind1=" " ind2=" " tag="044"><subfield code="a">xxu</subfield><subfield code="a">xxk</subfield></datafield><datafield ind1=" " ind2="7" tag="072"><subfield code="a">ar</subfield><subfield code="2">rero</subfield></datafield><datafield ind1=" " ind2="7" tag="072"><subfield code="a">am</subfield><subfield code="2">rero</subfield></datafield><datafield ind1=" " ind2="7" tag="072"><subfield code="a">af</subfield><subfield code="2">SzZuIDS BS/BE</subfield></datafield><datafield ind1=" " ind2="7" tag="072"><subfield code="a">et</subfield><subfield code="2">SzZuIDS BS/BE</subfield></datafield><datafield ind1="0" ind2="0" tag="082"><subfield code="a">669/.141/096</subfield><subfield code="2">21</subfield></datafield><datafield ind1="0" ind2="4" tag="082"><subfield code="a">669 .141 096</subfield><subfield code="2">21</subfield></datafield><datafield ind1="0" ind2="4" tag="082"><subfield code="a">669.14109676</subfield><subfield code="2">21</subfield></datafield><datafield ind1="1" ind2="4" tag="082"><subfield code="a">622.14109676</subfield><subfield code="2">22</subfield></datafield><datafield ind1="1" ind2="4" tag="082"><subfield code="a">669.141 096</subfield><subfield code="2">22</subfield></datafield><datafield ind1=" " ind2=" " tag="084"><subfield code="a">LE 4835</subfield><subfield code="2">rvk</subfield></datafield><datafield ind1=" " ind2=" " tag="084"><subfield code="a">LE 4853</subfield><subfield code="2">rvk</subfield></datafield><datafield ind1=" " ind2=" " tag="084"><subfield code="a">NF 8500</subfield><subfield code="2">rvk</subfield></datafield><datafield ind1="1" ind2=" " tag="100"><subfield code="a">Schmidt, Peter R.</subfield><subfield code="d">1942-</subfield><subfield code="0">(DE-588)132248026</subfield></datafield><datafield ind1="1" ind2="0" tag="245"><subfield code="a">Iron technology in East Africa</subfield><subfield code="b">symbolism, science, and archaeology</subfield><subfield code="c">Peter R. Schmidt</subfield></datafield><datafield ind1=" " ind2="1" tag="264"><subfield code="a">Bloomington [etc.]</subfield><subfield code="b">Indiana University Press [etc.]</subfield><subfield code="c">[1997]</subfield></datafield><datafield ind1=" " ind2="4" tag="264"><subfield code="c">© 1997</subfield></datafield><datafield ind1=" " ind2=" " tag="300"><subfield code="a">XII, 328 p.</subfield><subfield code="b">ill.</subfield><subfield code="c">24 cm</subfield></datafield><datafield ind1=" " ind2=" " tag="336"><subfield code="b">txt</subfield><subfield code="2">rdacontent</subfield></datafield><datafield ind1=" " ind2=" " tag="337"><subfield code="b">n</subfield><subfield code="2">rdamedia</subfield></datafield><datafield ind1=" " ind2=" " tag="338"><subfield code="b">nc</subfield><subfield code="2">rdacarrier</subfield></datafield><datafield ind1=" " ind2=" " tag="504"><subfield code="a">Includes bibliographical references (p. [305]-318) and index</subfield></datafield><datafield ind1="4" ind2=" " tag="510"><subfield code="a">American anthropologist (Arlington) ; (1998) vol. 100(2), p. 577-578 (Brian Fagan)</subfield></datafield><datafield ind1=" " ind2="7" tag="650"><subfield code="a">Eisen</subfield><subfield code="0">(DE-588)4014002-7</subfield><subfield code="2">gnd</subfield></datafield><datafield ind1=" " ind2="7" tag="650"><subfield code="a">Ethnoarchäologie</subfield><subfield code="0">(DE-588)4328681-1</subfield><subfield code="2">gnd</subfield></datafield><datafield ind1=" " ind2="7" tag="650"><subfield code="a">Technik</subfield><subfield code="0">(DE-588)4059205-4</subfield><subfield code="2">gnd</subfield></datafield><datafield ind1=" " ind2="7" tag="650"><subfield code="a">Haya</subfield><subfield code="0">(DE-588)4089183-5</subfield><subfield code="2">gnd</subfield></datafield><datafield ind1=" " ind2="7" tag="650"><subfield code="a">Eisenverarbeitung</subfield><subfield code="0">(DE-588)4400052-2</subfield><subfield code="2">gnd</subfield></datafield><datafield ind1=" " ind2="0" tag="650"><subfield code="a">Ethnoarchaeology</subfield><subfield code="z">Tanzania</subfield></datafield><datafield ind1=" " ind2="0" tag="650"><subfield code="a">Haya (African people)</subfield><subfield code="x">Industries</subfield></datafield><datafield ind1=" " ind2="0" tag="650"><subfield code="a">Haya (African people)</subfield><subfield code="x">Social life and customs</subfield></datafield><datafield ind1=" " ind2="0" tag="650"><subfield code="a">Iron-works</subfield><subfield code="z">Tanzania</subfield><subfield code="x">History</subfield></datafield><datafield ind1=" " ind2="0" tag="650"><subfield code="a">Iron</subfield><subfield code="z">Africa, East</subfield><subfield code="x">Metallurgy</subfield></datafield><datafield ind1=" " ind2="0" tag="650"><subfield code="a">Iron</subfield><subfield code="z">Tanzania</subfield><subfield code="x">Metallurgy</subfield></datafield><datafield ind1=" " ind2="0" tag="650"><subfield code="a">Metal-work, Haya</subfield></datafield><datafield ind1=" " ind2="0" tag="650"><subfield code="a">Smelting</subfield><subfield code="z">Africa, East</subfield><subfield code="x">History</subfield></datafield><datafield ind1=" " ind2="0" tag="650"><subfield code="a">Smelting</subfield><subfield code="z">Tanzania</subfield><subfield code="x">History</subfield></datafield><datafield ind1=" " ind2="7" tag="650"><subfield code="a">Sidérurgie</subfield><subfield code="0">(IDREF)027468348</subfield><subfield code="2">idref</subfield></datafield><datafield ind1=" " ind2="7" tag="651"><subfield code="a">Tansania</subfield><subfield code="0">(DE-588)4078149-5</subfield><subfield code="2">gnd</subfield></datafield><datafield ind1=" " ind2="0" tag="651"><subfield code="a">Tanzania</subfield><subfield code="x">Antiquities</subfield></datafield><datafield ind1=" " ind2="7" tag="651"><subfield code="a">Afrique orientale</subfield><subfield code="0">(IDREF)027274365</subfield><subfield code="2">idref</subfield></datafield><datafield ind1=" " ind2=" " tag="691"><subfield code="e">FN 1.c</subfield><subfield code="a">Modern Tanzania (Tanganyika)</subfield><subfield code="2">ubs-FH</subfield></datafield><datafield ind1="1" ind2=" " tag="700"><subfield code="a">Schmidt, Peter Ridgeway</subfield><subfield code="0">(RERO)A003800936</subfield><subfield code="4">cre</subfield></datafield><datafield ind1=" " ind2=" " tag="900"><subfield code="a">REROnoselfmerge</subfield></datafield></record>
</metadata></record>