<record><header><identifier>oai:alma.41SLSP_UGE:991000793319705502</identifier><datestamp>2023-08-09T01:54:31Z</datestamp><setSpec>uge_bcen_RapidILL_BOOK</setSpec><setSpec>uge_aaca_RapidILL_BOOK</setSpec><setSpec>uge_abels_RapidILL_BOOK</setSpec><setSpec>uge_dbu_RapidILL_BOOK</setSpec><setSpec>uge_cmu_RapidILL_BOOK</setSpec><setSpec>uge_mail_RapidILL_BOOK</setSpec><setSpec>uge_abbat_RapidILL_BOOK</setSpec><setSpec>UNIGE_ALL</setSpec><setSpec>uge_acar_RapidILL_BOOK</setSpec><setSpec>uge_aobs_RapidILL_BOOK</setSpec></header><metadata>
<record xmlns="http://www.loc.gov/MARC21/slim" xmlns:xsi="http://www.w3.org/2001/XMLSchema-instance" xsi:schemaLocation="http://www.loc.gov/MARC21/slim http://www.loc.gov/standards/marcxml/schema/MARC21slim.xsd"><leader>04931nam a2200973uc 4500</leader><controlfield tag="001">991000793319705502</controlfield><controlfield tag="005">20230808222926.0</controlfield><controlfield tag="008">201011t19901990sz            10| | fre|d</controlfield><datafield ind1=" " ind2=" " tag="019"><subfield code="a">Notices analytiques</subfield><subfield code="5">RERO/28.03.1991/geubfd/gca</subfield></datafield><datafield ind1=" " ind2=" " tag="035"><subfield code="a">(swissbib)229850065-41slsp_network</subfield></datafield><datafield ind1=" " ind2=" " tag="035"><subfield code="a">229850065</subfield><subfield code="9">ExL</subfield></datafield><datafield ind1=" " ind2=" " tag="035"><subfield code="a">(IDSLU)000362468ILU01</subfield></datafield><datafield ind1=" " ind2=" " tag="035"><subfield code="a">(NEBIS)001212736EBI01</subfield></datafield><datafield ind1=" " ind2=" " tag="035"><subfield code="a">(IDSSG)000071868HSB01</subfield></datafield><datafield ind1=" " ind2=" " tag="035"><subfield code="a">(RERO)1342878-41slsp</subfield></datafield><datafield ind1=" " ind2=" " tag="035"><subfield code="a">(NEBIS)000585664EBI01</subfield></datafield><datafield ind1=" " ind2=" " tag="035"><subfield code="a">(IDSBB)000684468DSV01</subfield></datafield><datafield ind1=" " ind2=" " tag="035"><subfield code="a">(EXLNZ-41SLSP_NETWORK)991017230519705501</subfield></datafield><datafield ind1=" " ind2=" " tag="040"><subfield code="a">UNI-RWS</subfield><subfield code="e">kids</subfield><subfield code="d">CH-ZuSLS</subfield></datafield><datafield ind1="0" ind2=" " tag="041"><subfield code="a">fre</subfield><subfield code="a">ger</subfield></datafield><datafield ind1=" " ind2=" " tag="044"><subfield code="a">sz</subfield><subfield code="c">ch-vd</subfield></datafield><datafield ind1=" " ind2="7" tag="072"><subfield code="a">820</subfield><subfield code="2">IDS LU</subfield></datafield><datafield ind1=" " ind2="7" tag="072"><subfield code="a">dr</subfield><subfield code="2">rero</subfield></datafield><datafield ind1=" " ind2="7" tag="072"><subfield code="a">rf</subfield><subfield code="2">SzZuIDS BS/BE</subfield></datafield><datafield ind1="1" ind2="4" tag="082"><subfield code="a">340</subfield><subfield code="2">15</subfield></datafield><datafield ind1=" " ind2=" " tag="084"><subfield code="a">CA/CH 57.1 e</subfield><subfield code="2">cjurrom</subfield></datafield><datafield ind1=" " ind2=" " tag="084"><subfield code="a">CA/CH 12 e</subfield><subfield code="2">cjurrom</subfield></datafield><datafield ind1="0" ind2="0" tag="245"><subfield code="a">&lt;&lt;La&gt;&gt; solidarité dans l'assurance-maladie, aujourd'hui - et demain?</subfield><subfield code="b">= Die Solidarität in der Krankenversicherung heute - und morgen?</subfield><subfield code="c">Colloque de Lausanne 1990 ; Institut de Recherches sur le Droit de la Responsabilité Civile et des Assurances (IRAL) ; Faculté de Droit de l'UNIL</subfield></datafield><datafield ind1="1" ind2="1" tag="246"><subfield code="a">&lt;&lt;Die&gt;&gt; Solidarität in der Krankenversicherung heute. Und morgen?</subfield><subfield code="b">Lausanner Kolloquium 1990</subfield></datafield><datafield ind1="1" ind2=" " tag="246"><subfield code="a">Solidarität in der Krankenversicherung heute, und morgen?</subfield></datafield><datafield ind1="1" ind2=" " tag="246"><subfield code="a">&lt;&lt;Die&gt;&gt; Solidarität in der Krankenversicherung heute</subfield></datafield><datafield ind1="1" ind2="1" tag="246"><subfield code="a">&lt;&lt;Die&gt;&gt; Solidarität in der Krankenversicherung heute - und morgen?</subfield></datafield><datafield ind1=" " ind2="1" tag="264"><subfield code="a">[Lausanne]</subfield><subfield code="b">[IRAL]</subfield><subfield code="c">1990</subfield></datafield><datafield ind1=" " ind2="3" tag="264"><subfield code="a">Lausanne</subfield><subfield code="b">Presses centrales</subfield></datafield><datafield ind1=" " ind2="4" tag="264"><subfield code="c">© 1990</subfield></datafield><datafield ind1=" " ind2=" " tag="300"><subfield code="a">116, 92 p.</subfield><subfield code="b">ill.</subfield><subfield code="c">23 cm</subfield></datafield><datafield ind1=" " ind2=" " tag="336"><subfield code="b">txt</subfield><subfield code="2">rdacontent</subfield></datafield><datafield ind1=" " ind2=" " tag="337"><subfield code="b">n</subfield><subfield code="2">rdamedia</subfield></datafield><datafield ind1=" " ind2=" " tag="338"><subfield code="b">nc</subfield><subfield code="2">rdacarrier</subfield></datafield><datafield ind1="1" ind2=" " tag="490"><subfield code="a">[Collection blanche] / Institut de Recherches sur le Droit de la Responsabilité Civile et des Assurances</subfield><subfield code="v">[5]</subfield></datafield><datafield ind1="1" ind2=" " tag="490"><subfield code="a">[Collection blanche de l'IRAL]</subfield><subfield code="v">[5]</subfield></datafield><datafield ind1=" " ind2=" " tag="500"><subfield code="a">Dt. Text: tête-bêche</subfield></datafield><datafield ind1=" " ind2=" " tag="500"><subfield code="a">Tête-bêche-Publikation</subfield></datafield><datafield ind1=" " ind2=" " tag="500"><subfield code="a">Deutsche Übersetzung rückwärts gebunden</subfield></datafield><datafield ind1=" " ind2=" " tag="500"><subfield code="a">Français-allemand présentés tête-bêche</subfield></datafield><datafield ind1=" " ind2=" " tag="500"><subfield code="a">Texte en français et en allemand</subfield></datafield><datafield ind1=" " ind2=" " tag="500"><subfield code="a">Titre parallèle: Die Solidarität in der Krankenversicherung heute : und morgen?</subfield></datafield><datafield ind1=" " ind2=" " tag="500"><subfield code="a">En tête de la page de titre : Institut de Recherches sur le Droit de la Responsabilité Civile et des Assurances (IRAL), Faculté de droit de l'UNIL</subfield></datafield><datafield ind1=" " ind2=" " tag="500"><subfield code="a">Vol. Tête-bêche</subfield></datafield><datafield ind1=" " ind2=" " tag="500"><subfield code="a">&quot;... colloque organisé le 6 juin 1990 à Lausanne par l'Institut de Recherches sur le Droit de la Responsabilité Civile et des Assurances...&quot;</subfield></datafield><datafield ind1=" " ind2=" " tag="500"><subfield code="a">Auch mit deutschem Titelblatt: Die Solidarität in der Krankenversicherung heute. Und morgen? : Lausanner Kolloquium 1990</subfield></datafield><datafield ind1=" " ind2="7" tag="650"><subfield code="a">SOZIALETHIK + SOZIALE VERANTWORTUNG</subfield><subfield code="9">ger</subfield><subfield code="0">(ETHUDK)000009749</subfield><subfield code="2">ethudk</subfield></datafield><datafield ind1=" " ind2="7" tag="650"><subfield code="a">Krankenversicherung</subfield><subfield code="0">(DE-588)4032836-3</subfield><subfield code="2">gnd</subfield></datafield><datafield ind1=" " ind2="7" tag="650"><subfield code="a">Solidarität</subfield><subfield code="0">(DE-588)4055429-6</subfield><subfield code="2">gnd</subfield></datafield><datafield ind1=" " ind2="2" tag="650"><subfield code="a">Insurance, Health</subfield></datafield><datafield ind1=" " ind2="7" tag="650"><subfield code="a">KV</subfield><subfield code="9">ger</subfield><subfield code="0">(RERO)jurivoc000013824ger</subfield><subfield code="2">jurivoc</subfield></datafield><datafield ind1=" " ind2="7" tag="650"><subfield code="a">Solidarität</subfield><subfield code="9">ger</subfield><subfield code="0">(RERO)jurivoc000020394ger</subfield><subfield code="2">jurivoc</subfield></datafield><datafield ind1=" " ind2="7" tag="650"><subfield code="a">Assurance maladie</subfield><subfield code="0">(IDREF)027465586</subfield><subfield code="2">idref</subfield></datafield><datafield ind1=" " ind2="7" tag="650"><subfield code="a">Solidarité</subfield><subfield code="0">(IDREF)027481077</subfield><subfield code="2">idref</subfield></datafield><datafield ind1=" " ind2="7" tag="650"><subfield code="a">1975-1990</subfield><subfield code="2">rero</subfield></datafield><datafield ind1=" " ind2="7" tag="650"><subfield code="a">OBLIGATORISCHE KRANKENVERSICHERUNGEN (VERSICHERUNGSWESEN)</subfield><subfield code="9">ger</subfield><subfield code="0">(ETHUDK)000011971</subfield><subfield code="2">ethudk</subfield></datafield><datafield ind1=" " ind2="7" tag="650"><subfield code="a">PRIVATE KRANKENVERSICHERUNGEN (VERSICHERUNGSWESEN)</subfield><subfield code="9">ger</subfield><subfield code="0">(ETHUDK)000011964</subfield><subfield code="2">ethudk</subfield></datafield><datafield ind1=" " ind2="7" tag="650"><subfield code="a">Gesundheitspflege</subfield><subfield code="x">Kosten</subfield><subfield code="2">idsbb</subfield></datafield><datafield ind1=" " ind2="7" tag="650"><subfield code="a">Krankenversicherung</subfield><subfield code="x">Finanzierung</subfield><subfield code="2">idsbb</subfield></datafield><datafield ind1=" " ind2="7" tag="650"><subfield code="a">Finanzierung</subfield><subfield code="x">Krankenversicherung</subfield><subfield code="2">idsbb</subfield></datafield><datafield ind1=" " ind2="7" tag="651"><subfield code="a">Schweiz</subfield><subfield code="0">(DE-588)4053881-3</subfield><subfield code="2">gnd</subfield></datafield><datafield ind1=" " ind2="7" tag="651"><subfield code="a">Schweiz</subfield><subfield code="9">ger</subfield><subfield code="0">(RERO)jurivoc000019912ger</subfield><subfield code="2">jurivoc</subfield></datafield><datafield ind1=" " ind2="2" tag="651"><subfield code="a">Switzerland</subfield></datafield><datafield ind1=" " ind2="7" tag="651"><subfield code="a">Suisse</subfield><subfield code="0">(IDREF)027249654</subfield><subfield code="2">idref</subfield></datafield><datafield ind1=" " ind2="7" tag="655"><subfield code="a">Aufsatzsammlung</subfield><subfield code="2">gnd-content</subfield></datafield><datafield ind1=" " ind2="2" tag="655"><subfield code="a">Congress</subfield></datafield><datafield ind1=" " ind2="7" tag="655"><subfield code="a">Actes de congrès</subfield><subfield code="0">(IDREF)02886431X</subfield><subfield code="2">idref</subfield></datafield><datafield ind1=" " ind2="7" tag="655"><subfield code="a">Konferenzschrift</subfield><subfield code="z">Lausanne</subfield><subfield code="y">1990/06</subfield><subfield code="2">gnd-content</subfield></datafield><datafield ind1=" " ind2="7" tag="655"><subfield code="a">Konferenzschrift</subfield><subfield code="z">Lausanne</subfield><subfield code="y">1990</subfield><subfield code="2">gnd-content</subfield></datafield><datafield ind1=" " ind2=" " tag="691"><subfield code="e">PC 57.1 CH</subfield><subfield code="2">rzs-L1</subfield></datafield><datafield ind1="2" ind2=" " tag="710"><subfield code="6">880-02</subfield><subfield code="a">Université de Lausanne</subfield><subfield code="b">Institut de recherches sur le droit de la responsabilité civile et des assurances</subfield><subfield code="b">Colloque</subfield><subfield code="d">1990</subfield><subfield code="c">Lausanne</subfield><subfield code="0">(RERO)A012366225</subfield></datafield><datafield ind1="2" ind2=" " tag="880"><subfield code="6">710-02</subfield><subfield code="a">Université de Lausanne</subfield><subfield code="b">Institut de recherches sur le droit de la responsabilité civile et des assurances</subfield><subfield code="0">(DE-588)2125746-2</subfield></datafield><datafield ind1="2" ind2=" " tag="711"><subfield code="a">Solidarité dans l'Assurance-Maladie, Aujourd'hui: et Demain ?</subfield><subfield code="d">1990</subfield><subfield code="c">Lausanne</subfield><subfield code="0">(DE-588)1091247641</subfield></datafield><datafield ind1="2" ind2=" " tag="711"><subfield code="a">Colloque de Lausanne</subfield><subfield code="6">880-03</subfield><subfield code="0">(DE-588)1091823286</subfield></datafield><datafield ind1="2" ind2=" " tag="880"><subfield code="a">Colloque de Lausanne</subfield><subfield code="6">711-03</subfield><subfield code="0">(DE-588)1091823286</subfield></datafield><datafield ind1="2" ind2=" " tag="880"><subfield code="6">711-03</subfield><subfield code="a">Colloque de Lausanne</subfield><subfield code="0">(DE-588)1091823286</subfield></datafield><datafield ind1=" " ind2="0" tag="830"><subfield code="a">Collection blanche</subfield><subfield code="v">5</subfield><subfield code="w">(RERO)1560361-41slsp</subfield></datafield><datafield ind1=" " ind2="0" tag="830"><subfield code="a">IRAL</subfield><subfield code="v">5</subfield><subfield code="w">(NEBIS)000899069EBI01</subfield></datafield><datafield ind1=" " ind2="0" tag="830"><subfield code="a">Collection blanche</subfield><subfield code="v">5</subfield><subfield code="w">(IDSLU)000362058ILU01</subfield></datafield><datafield ind1=" " ind2=" " tag="900"><subfield code="a">IDSZ2rwimon200912l</subfield><subfield code="c">IDSZ2biss</subfield></datafield></record>
</metadata></record>