<record><header><identifier>oai:alma.41SLSP_UGE:991000793509705502</identifier><datestamp>2024-01-11T01:16:15Z</datestamp><setSpec>uge_bcen_RapidILL_BOOK</setSpec><setSpec>uge_aaca_RapidILL_BOOK</setSpec><setSpec>uge_abels_RapidILL_BOOK</setSpec><setSpec>uge_dbu_RapidILL_BOOK</setSpec><setSpec>uge_cmu_RapidILL_BOOK</setSpec><setSpec>uge_mail_RapidILL_BOOK</setSpec><setSpec>uge_abbat_RapidILL_BOOK</setSpec><setSpec>UNIGE_ALL</setSpec><setSpec>uge_acar_RapidILL_BOOK</setSpec><setSpec>uge_aobs_RapidILL_BOOK</setSpec></header><metadata>
<record xmlns="http://www.loc.gov/MARC21/slim" xmlns:xsi="http://www.w3.org/2001/XMLSchema-instance" xsi:schemaLocation="http://www.loc.gov/MARC21/slim http://www.loc.gov/standards/marcxml/schema/MARC21slim.xsd"><leader>02873nam a2200589 c 4500</leader><controlfield tag="001">991000793509705502</controlfield><controlfield tag="005">20230629191946.0</controlfield><controlfield tag="008">201012s2014    gw ||||| |||| 00| ||ger d</controlfield><datafield ind1=" " ind2=" " tag="020"><subfield code="a">9783805911665</subfield><subfield code="c">CHF 279.-</subfield></datafield><datafield ind1=" " ind2=" " tag="035"><subfield code="a">(swissbib)243158416-41slsp_network</subfield></datafield><datafield ind1=" " ind2=" " tag="035"><subfield code="a">243158416</subfield><subfield code="9">ExL</subfield></datafield><datafield ind1=" " ind2=" " tag="035"><subfield code="a">(RERO)R007608103-41slsp</subfield></datafield><datafield ind1=" " ind2=" " tag="035"><subfield code="a">(NEBIS)010054390EBI01</subfield></datafield><datafield ind1=" " ind2=" " tag="035"><subfield code="a">(EXLNZ-41SLSP_NETWORK)991030323009705501</subfield></datafield><datafield ind1=" " ind2=" " tag="040"><subfield code="a">RERO iftfla</subfield><subfield code="d">CH-ZuSLS</subfield></datafield><datafield ind1=" " ind2="7" tag="072"><subfield code="a">dr</subfield><subfield code="2">rero</subfield></datafield><datafield ind1=" " ind2=" " tag="084"><subfield code="a">CA/D 63 b</subfield><subfield code="2">cjurrom</subfield></datafield><datafield ind1=" " ind2=" " tag="084"><subfield code="a">CA/D 66 b</subfield><subfield code="2">cjurrom</subfield></datafield><datafield ind1=" " ind2=" " tag="084"><subfield code="a">CA/D 66.3 b</subfield><subfield code="2">cjurrom</subfield></datafield><datafield ind1="0" ind2="0" tag="245"><subfield code="a">§§ 1684-1717 (Elterliche Sorge 3 - Umgangsrecht)</subfield><subfield code="c">Red. Lore Maria Peschel-Gutzeit</subfield></datafield><datafield ind1="1" ind2=" " tag="246"><subfield code="a">[Par.] 1684-1717 (Elterliche Sorge 3 - Umgangsrecht)</subfield></datafield><datafield ind1=" " ind2=" " tag="250"><subfield code="a">Neubearb. 2014</subfield><subfield code="b">von Michael Coester, Thomas Rauscher, Ludwig Salgo ; Red.: Lore Maria Peschel-Gutzeit</subfield></datafield><datafield ind1=" " ind2="1" tag="264"><subfield code="a">Berlin</subfield><subfield code="b">Sellier - de Gruyter</subfield><subfield code="c">2014</subfield></datafield><datafield ind1=" " ind2=" " tag="300"><subfield code="a">652 S.</subfield><subfield code="b">Ill.</subfield></datafield><datafield ind1=" " ind2=" " tag="336"><subfield code="b">txt</subfield><subfield code="2">rdacontent</subfield></datafield><datafield ind1=" " ind2=" " tag="337"><subfield code="b">n</subfield><subfield code="2">rdamedia</subfield></datafield><datafield ind1=" " ind2=" " tag="338"><subfield code="b">nc</subfield><subfield code="2">rdacarrier</subfield></datafield><datafield ind1="1" ind2=" " tag="490"><subfield code="a">J. von Staudingers Kommentar zum Bürgerlichen Gesetzbuch mit Einführungsgesetz und Nebengesetzen</subfield><subfield code="v">Buch 4.</subfield><subfield code="a">Familienrecht</subfield><subfield code="v">1684-1717</subfield></datafield><datafield ind1="1" ind2=" " tag="490"><subfield code="a">J. von Staudingers Kommentar zum Bürgerlichen Gesetzbuch. Buch 4, Familienrecht</subfield></datafield><datafield ind1="1" ind2="7" tag="610"><subfield code="a">Deutschland</subfield><subfield code="t">Bürgerliches Gesetzbuch</subfield><subfield code="0">(DE-588)4069719-8</subfield><subfield code="2">gnd</subfield></datafield><datafield ind1=" " ind2="7" tag="650"><subfield code="a">Parents et enfants (droit)</subfield><subfield code="0">(IDREF)027788695</subfield><subfield code="2">idref</subfield></datafield><datafield ind1=" " ind2="7" tag="650"><subfield code="a">Droit de visite (droit civil)</subfield><subfield code="0">(IDREF)034065806</subfield><subfield code="2">idref</subfield></datafield><datafield ind1=" " ind2="7" tag="650"><subfield code="a">Familienrecht</subfield><subfield code="9">ger</subfield><subfield code="0">(RERO)jurivoc000008122ger</subfield><subfield code="2">jurivoc</subfield></datafield><datafield ind1=" " ind2="7" tag="650"><subfield code="a">Elterliche Sorge</subfield><subfield code="0">(DE-588)4070784-2</subfield><subfield code="2">gnd</subfield></datafield><datafield ind1=" " ind2="7" tag="650"><subfield code="a">Umgangsrecht</subfield><subfield code="0">(DE-588)4134698-1</subfield><subfield code="2">gnd</subfield></datafield><datafield ind1=" " ind2="7" tag="651"><subfield code="a">Allemagne</subfield><subfield code="0">(IDREF)027218856</subfield><subfield code="2">idref</subfield></datafield><datafield ind1=" " ind2="7" tag="651"><subfield code="a">Deutschland</subfield><subfield code="9">ger</subfield><subfield code="0">(RERO)jurivoc000005510ger</subfield><subfield code="2">jurivoc</subfield></datafield><datafield ind1=" " ind2="7" tag="655"><subfield code="a">Commentaire de texte</subfield><subfield code="0">(IDREF)27790681</subfield><subfield code="2">idref</subfield></datafield><datafield ind1=" " ind2="7" tag="655"><subfield code="a">Textreproduktion</subfield><subfield code="9">ger</subfield><subfield code="2">jurivoc</subfield><subfield code="0">(RERO)jurivoc000022433ger</subfield></datafield><datafield ind1=" " ind2="7" tag="655"><subfield code="a">Kommentar(Werk)</subfield><subfield code="9">ger</subfield><subfield code="2">jurivoc</subfield><subfield code="0">(RERO)jurivoc000013038ger</subfield></datafield><datafield ind1=" " ind2="7" tag="655"><subfield code="a">Kommentar</subfield><subfield code="2">gnd-content</subfield></datafield><datafield ind1="1" ind2=" " tag="700"><subfield code="a">Rauscher, Thomas</subfield></datafield><datafield ind1="1" ind2=" " tag="700"><subfield code="a">Salgo, Ludwig</subfield></datafield><datafield ind1="1" ind2=" " tag="700"><subfield code="a">Peschel-Gutzeit, Lore Maria</subfield><subfield code="d">1932-2023</subfield><subfield code="0">(IDREF)032802676</subfield></datafield><datafield ind1="1" ind2=" " tag="700"><subfield code="a">Coester, Michael</subfield><subfield code="d">1942-....</subfield><subfield code="0">(IDREF)032802374</subfield></datafield><datafield ind1="1" ind2=" " tag="710"><subfield code="a">Allemagne</subfield><subfield code="0">(IDREF)030685435</subfield></datafield><datafield ind1="4" ind2=" " tag="856"><subfield code="3">Titelblatt und Inhaltsverzeichnis</subfield><subfield code="u">https://toc.library.ethz.ch/objects/pdf03/z01_978-3-8059-1166-5_01.pdf</subfield><subfield code="q">pdf</subfield></datafield><datafield ind1=" " ind2="0" tag="830"><subfield code="a">Familienrecht</subfield><subfield code="v">1684-1717</subfield></datafield><datafield ind1=" " ind2="0" tag="830"><subfield code="a">J. von Staudingers Kommentar zum Bürgerlichen Gesetzbuch mit Einführungsgesetz und Nebengesetzen</subfield><subfield code="v">4/1684-1717</subfield><subfield code="w">(RERO)R006369924-41slsp</subfield></datafield><datafield ind1=" " ind2="0" tag="830"><subfield code="a">Familienrecht</subfield><subfield code="w">(NEBIS)001391010EBI01</subfield></datafield><datafield ind1=" " ind2=" " tag="900"><subfield code="a">IDSZ2rwimon201401e</subfield><subfield code="c">IDSZ2rosi 140123</subfield><subfield code="d">IDSZ2rwiswk201402g</subfield><subfield code="e">IDSZ2judu</subfield></datafield><datafield ind1=" " ind2=" " tag="900"><subfield code="a">IDSZ2zbzmon201401l</subfield><subfield code="c">IDSZ2rusc</subfield><subfield code="d">IDSZ2zbzswk201402b</subfield><subfield code="e">IDSZ2bruu</subfield></datafield><datafield ind1=" " ind2=" " tag="949"><subfield code="a">https://toc.library.ethz.ch/objects/pdf03/z01_978-3-8059-1166-5_01.pdf</subfield></datafield></record>
</metadata></record>