<record><header><identifier>oai:alma.41SLSP_UGE:991000793929705502</identifier><datestamp>2024-09-28T00:25:41Z</datestamp><setSpec>uge_bcen_RapidILL_BOOK</setSpec><setSpec>uge_aaca_RapidILL_BOOK</setSpec><setSpec>uge_abels_RapidILL_BOOK</setSpec><setSpec>uge_dbu_RapidILL_BOOK</setSpec><setSpec>uge_cmu_RapidILL_BOOK</setSpec><setSpec>uge_mail_RapidILL_BOOK</setSpec><setSpec>uge_abbat_RapidILL_BOOK</setSpec><setSpec>UNIGE_ALL</setSpec><setSpec>uge_aobs_RapidILL_BOOK</setSpec><setSpec>uge_acar_RapidILL_BOOK</setSpec></header><metadata>
<record xmlns="http://www.loc.gov/MARC21/slim" xmlns:xsi="http://www.w3.org/2001/XMLSchema-instance" xsi:schemaLocation="http://www.loc.gov/MARC21/slim http://www.loc.gov/standards/marcxml/schema/MARC21slim.xsd"><leader>01187naa a2200229 c 4500</leader><controlfield tag="001">991000793929705502</controlfield><controlfield tag="005">20240927185747.0</controlfield><controlfield tag="008">150413s2015    sz ||||| |||| 00| ||fre d</controlfield><datafield ind1=" " ind2=" " tag="035"><subfield code="a">(swissbib)121442276-41slsp_network</subfield></datafield><datafield ind1=" " ind2=" " tag="035"><subfield code="a">121442276</subfield><subfield code="9">ExL</subfield></datafield><datafield ind1=" " ind2=" " tag="035"><subfield code="a">(RERO)R008118659-41slsp</subfield></datafield><datafield ind1=" " ind2=" " tag="035"><subfield code="a">(EXLNZ-41SLSP_NETWORK)991042388699705501</subfield></datafield><datafield ind1=" " ind2=" " tag="040"><subfield code="a">RERO iftaf-</subfield><subfield code="d">CH-ZuSLS</subfield></datafield><datafield ind1=" " ind2=" " tag="044"><subfield code="a">sz</subfield><subfield code="c">ch-zh</subfield></datafield><datafield ind1=" " ind2="7" tag="072"><subfield code="a">dr</subfield><subfield code="2">rero</subfield></datafield><datafield ind1="1" ind2=" " tag="100"><subfield code="a">Klauser, Marius</subfield><subfield code="0">(RERO)A022249356</subfield><subfield code="4">cre</subfield></datafield><datafield ind1="1" ind2="0" tag="245"><subfield code="a">Utilité actuelle et potentielle de l'audit</subfield><subfield code="b">de nouvelles études font la transparence sur l'utilité de la révision</subfield><subfield code="c">Marius Klauser</subfield></datafield><datafield ind1=" " ind2=" " tag="336"><subfield code="b">txt</subfield><subfield code="2">rdacontent</subfield></datafield><datafield ind1=" " ind2=" " tag="337"><subfield code="b">n</subfield><subfield code="2">rdamedia</subfield></datafield><datafield ind1=" " ind2=" " tag="338"><subfield code="b">nc</subfield><subfield code="2">rdacarrier</subfield></datafield><datafield ind1=" " ind2=" " tag="580"><subfield code="a">In: L'expert-comptable suisse. - Zurich. - Vol. 89(2015), no 4, p. 240-242</subfield></datafield><datafield ind1="0" ind2=" " tag="773"><subfield code="t">Schweizer Treuhänder : Monatszeitschrift für Revision, Rechnungswesen und Beratung : offizielles Organ der Schweizerischen Treuhand- und Revisionskammer = L'expert-comptable suisse : revue mensuelle pour la revision, la comptabilité et le conseil d'entreprise : organe officiel de la Chambre suisse des Sociétés fiduciaires et des experts-comptables</subfield><subfield code="g">2015/240</subfield><subfield code="g">yr:2015</subfield><subfield code="w">(RERO)0223261-41slsp</subfield></datafield><datafield ind1=" " ind2=" " tag="900"><subfield code="a">REROnoselfmerge</subfield></datafield></record>
</metadata></record>