<record><header><identifier>oai:alma.41SLSP_UGE:991000793099705502</identifier><datestamp>2024-03-08T01:20:23Z</datestamp><setSpec>uge_cmu_RapidILL_JOURNAL</setSpec><setSpec>uge_aobs_RapidILL_JOURNAL</setSpec><setSpec>uge_aaca_RapidILL_JOURNAL</setSpec><setSpec>uge_bcen_RapidILL_JOURNAL</setSpec><setSpec>uge_abbat_RapidILL_JOURNAL</setSpec><setSpec>uge_dbu_RapidILL_JOURNAL</setSpec><setSpec>uge_mail_RapidILL_JOURNAL</setSpec><setSpec>uge_abels_RapidILL_JOURNAL</setSpec><setSpec>UNIGE_ALL</setSpec><setSpec>uge_acar_RapidILL_JOURNAL</setSpec></header><metadata>
<record xmlns="http://www.loc.gov/MARC21/slim" xmlns:xsi="http://www.w3.org/2001/XMLSchema-instance" xsi:schemaLocation="http://www.loc.gov/MARC21/slim http://www.loc.gov/standards/marcxml/schema/MARC21slim.xsd"><leader>01276nas a2200373 c 4500</leader><controlfield tag="001">991000793099705502</controlfield><controlfield tag="005">20240307084951.0</controlfield><controlfield tag="008">201012c19999999xxk | m       0    |eng  </controlfield><datafield ind1=" " ind2=" " tag="035"><subfield code="a">(swissbib)239074238-41slsp_network</subfield></datafield><datafield ind1=" " ind2=" " tag="035"><subfield code="a">239074238</subfield><subfield code="9">ExL</subfield></datafield><datafield ind1=" " ind2=" " tag="035"><subfield code="a">(NEBIS)004804447EBI01</subfield></datafield><datafield ind1=" " ind2=" " tag="035"><subfield code="a">(RERO)2130385-41slsp</subfield></datafield><datafield ind1=" " ind2=" " tag="035"><subfield code="a">(EXLNZ-41SLSP_NETWORK)991106818889705501</subfield></datafield><datafield ind1=" " ind2=" " tag="040"><subfield code="a">SzZuIDS NEBIS ZBZ</subfield><subfield code="d">CH-ZuSLS</subfield></datafield><datafield ind1="0" ind2="0" tag="245"><subfield code="a">Monograph / Dakhleh Oasis Project</subfield></datafield><datafield ind1="1" ind2="3" tag="246"><subfield code="a">Dakhleh Oasis Project</subfield><subfield code="p">Monograph</subfield></datafield><datafield ind1="1" ind2="3" tag="246"><subfield code="a">Dakhleh Oasis Project</subfield><subfield code="p">Monographs and reports</subfield></datafield><datafield ind1="1" ind2="3" tag="246"><subfield code="a">Monographs of the Dakhleh Oasis project</subfield></datafield><datafield ind1="1" ind2="3" tag="246"><subfield code="a">Dakhleh Oasis Project monograph</subfield></datafield><datafield ind1=" " ind2="1" tag="264"><subfield code="a">Oxford</subfield><subfield code="b">Oxbow Books</subfield></datafield><datafield ind1=" " ind2=" " tag="336"><subfield code="b">txt</subfield><subfield code="2">rdacontent</subfield></datafield><datafield ind1=" " ind2=" " tag="337"><subfield code="b">n</subfield><subfield code="2">rdamedia</subfield></datafield><datafield ind1=" " ind2=" " tag="338"><subfield code="b">nc</subfield><subfield code="2">rdacarrier</subfield></datafield><datafield ind1="1" ind2=" " tag="362"><subfield code="a">[Nachgewiesen] 2 (1999)-</subfield></datafield><datafield ind1="0" ind2=" " tag="490"><subfield code="a">Oxbow monograph)</subfield></datafield><datafield ind1=" " ind2=" " tag="500"><subfield code="a">Gesamttitel anfangs: Oxbow monographs</subfield></datafield><datafield ind1=" " ind2=" " tag="500"><subfield code="a">15 doppelt gez.</subfield></datafield><datafield ind1=" " ind2="7" tag="655"><subfield code="a">Collane editoriali</subfield><subfield code="2">sbt12-content</subfield></datafield><datafield ind1=" " ind2="7" tag="655"><subfield code="a">Monografische Reihe</subfield><subfield code="2">gnd-content</subfield></datafield><datafield ind1=" " ind2="7" tag="655"><subfield code="a">Collections éditoriales</subfield><subfield code="0">(IDREF)027444929</subfield><subfield code="2">idref</subfield></datafield><datafield ind1="2" ind2=" " tag="710"><subfield code="a">Dakhleh Oasis Project</subfield><subfield code="0">(DE-588)1087151287</subfield></datafield><datafield ind1="0" ind2=" " tag="730"><subfield code="a">Monograph / Dakhleh Oasis Project</subfield></datafield><datafield ind1=" " ind2=" " tag="900"><subfield code="a">IDSZ2zbzser200410e</subfield><subfield code="c">IDSZ2tres</subfield></datafield><datafield ind1=" " ind2=" " tag="900"><subfield code="a">NEBISnoselfmerge</subfield></datafield><datafield ind1=" " ind2=" " tag="900"><subfield code="a">REROnoselfmerge</subfield></datafield></record>
</metadata></record>