<record><header><identifier>oai:alma.41SLSP_UGE:991000793619705502</identifier><datestamp>2024-05-18T00:48:23Z</datestamp><setSpec>uge_bcen_RapidILL_BOOK</setSpec><setSpec>uge_aaca_RapidILL_BOOK</setSpec><setSpec>uge_abels_RapidILL_BOOK</setSpec><setSpec>uge_dbu_RapidILL_BOOK</setSpec><setSpec>uge_cmu_RapidILL_BOOK</setSpec><setSpec>uge_mail_RapidILL_BOOK</setSpec><setSpec>uge_abbat_RapidILL_BOOK</setSpec><setSpec>UNIGE_ALL</setSpec><setSpec>uge_acar_RapidILL_BOOK</setSpec><setSpec>uge_aobs_RapidILL_BOOK</setSpec></header><metadata>
<record xmlns="http://www.loc.gov/MARC21/slim" xmlns:xsi="http://www.w3.org/2001/XMLSchema-instance" xsi:schemaLocation="http://www.loc.gov/MARC21/slim http://www.loc.gov/standards/marcxml/schema/MARC21slim.xsd"><leader>01891nam a2200553 c 4500</leader><controlfield tag="001">991000793619705502</controlfield><controlfield tag="005">20201229225936.0</controlfield><controlfield tag="008">201011t19781978xxu||||| |||| 00| ||eng d</controlfield><datafield ind1=" " ind2=" " tag="020"><subfield code="a">0393044769</subfield></datafield><datafield ind1=" " ind2=" " tag="020"><subfield code="a">0393090914</subfield><subfield code="q">pbk.</subfield></datafield><datafield ind1=" " ind2=" " tag="035"><subfield code="a">(swissbib)215268660-41slsp_network</subfield></datafield><datafield ind1=" " ind2=" " tag="035"><subfield code="a">215268660</subfield><subfield code="9">ExL</subfield></datafield><datafield ind1=" " ind2=" " tag="035"><subfield code="a">(RERO)0819980-41slsp</subfield></datafield><datafield ind1=" " ind2=" " tag="035"><subfield code="a">(NEBIS)005118547EBI01</subfield></datafield><datafield ind1=" " ind2=" " tag="035"><subfield code="a">(IDSBB)000809249DSV01</subfield></datafield><datafield ind1=" " ind2=" " tag="035"><subfield code="a">(EXLNZ-41SLSP_NETWORK)991109829069705501</subfield></datafield><datafield ind1=" " ind2=" " tag="040"><subfield code="a">RERO geulan</subfield><subfield code="d">CH-ZuSLS</subfield></datafield><datafield ind1=" " ind2=" " tag="044"><subfield code="a">xxu</subfield><subfield code="a">xxk</subfield></datafield><datafield ind1=" " ind2="7" tag="072"><subfield code="a">an</subfield><subfield code="2">rero</subfield></datafield><datafield ind1=" " ind2="7" tag="072"><subfield code="a">le</subfield><subfield code="2">SzZuIDS BS/BE</subfield></datafield><datafield ind1="0" ind2="0" tag="082"><subfield code="a">813/.4</subfield><subfield code="2">22</subfield></datafield><datafield ind1="0" ind2="4" tag="082"><subfield code="a">813.4 T</subfield></datafield><datafield ind1=" " ind2=" " tag="084"><subfield code="a">HT 5853</subfield><subfield code="2">rvk</subfield></datafield><datafield ind1="1" ind2=" " tag="100"><subfield code="6">880-01</subfield><subfield code="a">James, Henry</subfield><subfield code="c">écrivain</subfield><subfield code="d">1843-1916</subfield><subfield code="0">(IDREF)026934612</subfield><subfield code="4">cre</subfield></datafield><datafield ind1="1" ind2=" " tag="880"><subfield code="a">James, Henry</subfield><subfield code="d">1843-1916</subfield><subfield code="0">(DE-588)118556835</subfield><subfield code="6">100-01</subfield></datafield><datafield ind1="1" ind2="0" tag="245"><subfield code="a">&lt;&lt;The&gt;&gt; American</subfield><subfield code="b">an authoritative text, backgrounds and sources, criticism</subfield><subfield code="c">Henry James ; ed. by James W. Tuttleton</subfield></datafield><datafield ind1=" " ind2=" " tag="250"><subfield code="a">1st ed.</subfield></datafield><datafield ind1=" " ind2="1" tag="264"><subfield code="a">New York</subfield><subfield code="a">London</subfield><subfield code="b">W. W. Norton</subfield><subfield code="c">[1978]</subfield></datafield><datafield ind1=" " ind2="4" tag="264"><subfield code="c">© 1978</subfield></datafield><datafield ind1=" " ind2=" " tag="300"><subfield code="a">X, 496 p.</subfield><subfield code="c">22 cm</subfield></datafield><datafield ind1=" " ind2=" " tag="336"><subfield code="b">txt</subfield><subfield code="2">rdacontent</subfield></datafield><datafield ind1=" " ind2=" " tag="337"><subfield code="b">n</subfield><subfield code="2">rdamedia</subfield></datafield><datafield ind1=" " ind2=" " tag="338"><subfield code="b">nc</subfield><subfield code="2">rdacarrier</subfield></datafield><datafield ind1="1" ind2=" " tag="490"><subfield code="a">A Norton critical edition</subfield></datafield><datafield ind1=" " ind2=" " tag="504"><subfield code="a">Bibliography: p.493-496</subfield></datafield><datafield ind1="1" ind2="7" tag="600"><subfield code="a">James, Henry.</subfield><subfield code="t">The American</subfield><subfield code="0">(RERO)A010100270</subfield><subfield code="2">rero</subfield></datafield><datafield ind1="1" ind2="0" tag="600"><subfield code="a">James, Henry</subfield><subfield code="d">1843-1916</subfield><subfield code="t">American</subfield></datafield><datafield ind1=" " ind2="0" tag="650"><subfield code="a">Americans</subfield><subfield code="z">France</subfield><subfield code="v">Fiction</subfield></datafield><datafield ind1=" " ind2="0" tag="650"><subfield code="a">Aristocracy (Social class)</subfield><subfield code="v">Fiction</subfield></datafield><datafield ind1=" " ind2="0" tag="650"><subfield code="a">Courtship</subfield><subfield code="v">Fiction</subfield></datafield><datafield ind1=" " ind2="0" tag="650"><subfield code="a">Culture conflict</subfield><subfield code="v">Fiction</subfield></datafield><datafield ind1=" " ind2="0" tag="650"><subfield code="a">Separation (Psychology)</subfield><subfield code="v">Fiction</subfield></datafield><datafield ind1=" " ind2="0" tag="650"><subfield code="a">Widows</subfield><subfield code="v">Fiction</subfield></datafield><datafield ind1=" " ind2="0" tag="651"><subfield code="a">Paris (France)</subfield><subfield code="v">Fiction</subfield></datafield><datafield ind1=" " ind2="7" tag="655"><subfield code="a">[Études diverses]</subfield><subfield code="0">(RERO)A022249905</subfield><subfield code="2">rero</subfield></datafield><datafield ind1="1" ind2=" " tag="700"><subfield code="a">Tuttleton, James W</subfield><subfield code="0">(IDREF)028543939</subfield></datafield><datafield ind1=" " ind2=" " tag="830"><subfield code="a">&lt;&lt;A&gt;&gt; Norton critical edition</subfield><subfield code="w">(RERO)0426662-41slsp</subfield></datafield><datafield ind1=" " ind2=" " tag="900"><subfield code="a">REROnoselfmerge</subfield></datafield><datafield ind1=" " ind2=" " tag="900"><subfield code="a">IDSZRMedeaZBZ</subfield><subfield code="b">IDSZRSWK</subfield></datafield><datafield ind1=" " ind2=" " tag="900"><subfield code="a">IDSZ2esmon201105r</subfield><subfield code="c">IDSZ2fumo</subfield></datafield></record>
</metadata></record>