<record><header><identifier>oai:alma.41SLSP_UGE:991000793309705502</identifier><datestamp>2023-07-16T00:17:47Z</datestamp><setSpec>UNIGE_ALL</setSpec></header><metadata>
<record xmlns="http://www.loc.gov/MARC21/slim" xmlns:xsi="http://www.w3.org/2001/XMLSchema-instance" xsi:schemaLocation="http://www.loc.gov/MARC21/slim http://www.loc.gov/standards/marcxml/schema/MARC21slim.xsd"><leader>02158ngm a2200409 c 4500</leader><controlfield tag="001">991000793309705502</controlfield><controlfield tag="005">20230625173049.0</controlfield><controlfield tag="007">vd |v||||</controlfield><controlfield tag="008">060413s2005    fr ||| |          v|fre d</controlfield><datafield ind1=" " ind2=" " tag="035"><subfield code="a">(swissbib)10349281X-41slsp_network</subfield></datafield><datafield ind1=" " ind2=" " tag="035"><subfield code="a">10349281X</subfield><subfield code="9">ExL</subfield></datafield><datafield ind1=" " ind2=" " tag="035"><subfield code="a">(RERO)R004108639-41slsp</subfield></datafield><datafield ind1=" " ind2=" " tag="035"><subfield code="a">(EXLNZ-41SLSP_NETWORK)991067455879705501</subfield></datafield><datafield ind1=" " ind2=" " tag="040"><subfield code="a">RERO geumem</subfield><subfield code="d">CH-ZuSLS</subfield></datafield><datafield ind1=" " ind2="7" tag="072"><subfield code="a">ba</subfield><subfield code="2">rero</subfield></datafield><datafield ind1=" " ind2="7" tag="072"><subfield code="a">th</subfield><subfield code="2">rero</subfield></datafield><datafield ind1="0" ind2="0" tag="245"><subfield code="a">Galilée ou &quot;L'amour de Dieu&quot;</subfield><subfield code="c">un film de Jean-Daniel Verhaeghe ; scénario et dialogues Claude Allègre ; avec la collab. de Jean-Claude Carrière</subfield></datafield><datafield ind1=" " ind2="1" tag="264"><subfield code="a">[Lieu de publication non identifié]</subfield><subfield code="b">Septembre Porductions</subfield><subfield code="b">CF Productions [prod.]</subfield><subfield code="c">[2005]</subfield></datafield><datafield ind1=" " ind2="3" tag="264"><subfield code="a">[Paris]</subfield><subfield code="b">TV5 [diffuseur]</subfield><subfield code="c">2006</subfield></datafield><datafield ind1=" " ind2="4" tag="264"><subfield code="c">© 2005</subfield></datafield><datafield ind1=" " ind2=" " tag="300"><subfield code="a">1 DVD-R (1h35 min)</subfield><subfield code="b">couleur PAL</subfield></datafield><datafield ind1=" " ind2=" " tag="336"><subfield code="b">tdi</subfield><subfield code="2">rdacontent</subfield></datafield><datafield ind1=" " ind2=" " tag="337"><subfield code="b">v</subfield><subfield code="2">rdamedia</subfield></datafield><datafield ind1=" " ind2=" " tag="338"><subfield code="b">vd</subfield><subfield code="2">rdacarrier</subfield></datafield><datafield ind1=" " ind2=" " tag="500"><subfield code="a">Diffusé le 29 mars 2006</subfield></datafield><datafield ind1=" " ind2=" " tag="500"><subfield code="a">Données vidéo</subfield></datafield><datafield ind1=" " ind2=" " tag="500"><subfield code="a">Rediffusé le 27 décembre 2008 sur France 3</subfield></datafield><datafield ind1="0" ind2=" " tag="511"><subfield code="a">Claude Rich ; Daniel Prévost ; Jean-Pierre Marielle ; Frédéric van den Driessche ; Pascal Elso ; Pierre Vernier ; Valérie Kaprisky ; Laurent Malet ; Bernard Haller ; Alexandre Zloto ; Adélaïde Bon... et al</subfield></datafield><datafield ind1="8" ind2=" " tag="520"><subfield code="a">&quot;Florence, 1633. Le savant Galilée a découvert grâce à son invention, la lunette astronomique, un système solaire en totale contradiction avec les préceptes de la création du monde issus de la Bible et défendus par l'Eglise. L'Inquisition ouvre une instruction pour déterminer si Galilée est coupable d'hérésie et de crime contre l'Eglise.&quot;</subfield><subfield code="5">RERO/geumem/04.2006</subfield></datafield><datafield ind1="1" ind2="7" tag="600"><subfield code="a">Galilei, Galileo</subfield><subfield code="d">1564-1642</subfield><subfield code="0">(IDREF)026879255</subfield><subfield code="2">idref</subfield></datafield><datafield ind1=" " ind2="7" tag="650"><subfield code="a">Église catholique</subfield><subfield code="0">(IDREF)027266605</subfield><subfield code="2">idref</subfield></datafield><datafield ind1=" " ind2="7" tag="650"><subfield code="a">17e siècle</subfield><subfield code="0">(IDREF)027794040</subfield><subfield code="2">idref</subfield></datafield><datafield ind1=" " ind2="7" tag="650"><subfield code="a">Procès</subfield><subfield code="0">(IDREF)027776298</subfield><subfield code="2">idref</subfield></datafield><datafield ind1=" " ind2="7" tag="655"><subfield code="a">DVD</subfield><subfield code="2">idref</subfield><subfield code="0">(IDREF)035108444</subfield></datafield><datafield ind1=" " ind2="7" tag="655"><subfield code="a">Films de fiction</subfield><subfield code="0">(IDREF)14779644X</subfield><subfield code="2">idref</subfield></datafield><datafield ind1="1" ind2=" " tag="700"><subfield code="a">Verhaeghe, Jean-Daniel</subfield><subfield code="d">1944-....</subfield><subfield code="0">(IDREF)081260067</subfield></datafield><datafield ind1="1" ind2=" " tag="700"><subfield code="a">Allègre, Claude</subfield><subfield code="c">ministre et géochimiste</subfield><subfield code="d">1937-....</subfield><subfield code="0">(IDREF)026682559</subfield></datafield><datafield ind1="1" ind2=" " tag="700"><subfield code="a">Carrière, Jean-Claude</subfield><subfield code="d">1931-2021</subfield><subfield code="0">(IDREF)028981138</subfield></datafield></record>
</metadata></record>