<record><header><identifier>oai:alma.41SLSP_UGE:991000793339705502</identifier><datestamp>2023-03-18T01:16:42Z</datestamp><setSpec>uge_bcen_RapidILL_BOOK</setSpec><setSpec>uge_aaca_RapidILL_BOOK</setSpec><setSpec>uge_abels_RapidILL_BOOK</setSpec><setSpec>uge_dbu_RapidILL_BOOK</setSpec><setSpec>uge_cmu_RapidILL_BOOK</setSpec><setSpec>uge_mail_RapidILL_BOOK</setSpec><setSpec>uge_abbat_RapidILL_BOOK</setSpec><setSpec>UNIGE_ALL</setSpec><setSpec>uge_acar_RapidILL_BOOK</setSpec><setSpec>uge_aobs_RapidILL_BOOK</setSpec></header><metadata>
<record xmlns="http://www.loc.gov/MARC21/slim" xmlns:xsi="http://www.w3.org/2001/XMLSchema-instance" xsi:schemaLocation="http://www.loc.gov/MARC21/slim http://www.loc.gov/standards/marcxml/schema/MARC21slim.xsd"><leader>01361nam a2200373 c 4500</leader><controlfield tag="001">991000793339705502</controlfield><controlfield tag="005">20230316210830.0</controlfield><controlfield tag="008">181030s2018    fr ||||| |||| 00| ||fre d</controlfield><datafield ind1=" " ind2=" " tag="020"><subfield code="a">9782749261942</subfield></datafield><datafield ind1="7" ind2=" " tag="024"><subfield code="a">http://catalogue.bnf.fr/ark:/12148/cb45742217z</subfield><subfield code="2">uri</subfield></datafield><datafield ind1=" " ind2=" " tag="035"><subfield code="a">(swissbib)125211546-41slsp_network</subfield></datafield><datafield ind1=" " ind2=" " tag="035"><subfield code="a">125211546</subfield><subfield code="9">ExL</subfield></datafield><datafield ind1=" " ind2=" " tag="035"><subfield code="a">(RERO)R008859227-41slsp</subfield></datafield><datafield ind1=" " ind2=" " tag="035"><subfield code="a">(EXLNZ-41SLSP_NETWORK)991093588719705501</subfield></datafield><datafield ind1=" " ind2=" " tag="040"><subfield code="a">RERO vsheso</subfield><subfield code="d">CH-ZuSLS</subfield></datafield><datafield ind1=" " ind2="7" tag="072"><subfield code="a">ps</subfield><subfield code="2">rero</subfield></datafield><datafield ind1="1" ind2=" " tag="080"><subfield code="a">005.551</subfield></datafield><datafield ind1="1" ind2=" " tag="080"><subfield code="a">331.108.641</subfield></datafield><datafield ind1="1" ind2=" " tag="100"><subfield code="a">Allione, Claude</subfield><subfield code="d">1948-...</subfield><subfield code="0">(IDREF)059682124</subfield><subfield code="4">aut</subfield></datafield><datafield ind1="1" ind2="0" tag="245"><subfield code="a">Vocabulaire raisonné de la supervision d'équipe</subfield><subfield code="c">Claude Allione</subfield></datafield><datafield ind1=" " ind2="1" tag="264"><subfield code="a">Toulouse</subfield><subfield code="b">Erès</subfield><subfield code="c">2018</subfield></datafield><datafield ind1=" " ind2=" " tag="300"><subfield code="a">331 p.</subfield></datafield><datafield ind1=" " ind2=" " tag="336"><subfield code="b">txt</subfield><subfield code="2">rdacontent</subfield></datafield><datafield ind1=" " ind2=" " tag="337"><subfield code="b">n</subfield><subfield code="2">rdamedia</subfield></datafield><datafield ind1=" " ind2=" " tag="338"><subfield code="b">nc</subfield><subfield code="2">rdacarrier</subfield></datafield><datafield ind1="0" ind2=" " tag="490"><subfield code="a">Psychanalyse et travail social</subfield></datafield><datafield ind1=" " ind2="7" tag="650"><subfield code="a">Travailleurs sociaux</subfield><subfield code="x">Supervision</subfield><subfield code="0">(IDREF)050256130</subfield><subfield code="2">idref</subfield></datafield><datafield ind1=" " ind2="7" tag="650"><subfield code="a">Formation</subfield><subfield code="0">(IDREF)027791017</subfield><subfield code="2">idref</subfield></datafield><datafield ind1=" " ind2="7" tag="650"><subfield code="a">Psychanalyse</subfield><subfield code="0">(IDREF)027241505</subfield><subfield code="2">idref</subfield></datafield><datafield ind1=" " ind2="7" tag="650"><subfield code="a">Groupes de travail</subfield><subfield code="0">(IDREF)027607399</subfield><subfield code="2">idref</subfield></datafield><datafield ind1=" " ind2="7" tag="650"><subfield code="a">Équipes de soins de santé</subfield><subfield code="0">(IDREF)027822788</subfield><subfield code="2">idref</subfield></datafield><datafield ind1=" " ind2="7" tag="650"><subfield code="a">Vocabulaire</subfield><subfield code="0">(IDREF)027255255</subfield><subfield code="2">idref</subfield></datafield><datafield ind1=" " ind2="7" tag="650"><subfield code="a">Analyse des pratiques (formation)</subfield><subfield code="0">(IDREF)034746331</subfield><subfield code="2">idref</subfield></datafield><datafield ind1=" " ind2="7" tag="655"><subfield code="a">Glossaires et lexiques</subfield><subfield code="0">(IDREF)027797244</subfield><subfield code="2">idref</subfield></datafield><datafield ind1=" " ind2=" " tag="900"><subfield code="a">REROnoselfmerge</subfield></datafield></record>
</metadata></record>